
@Article{LHC2008,
  Author = {Evans, L. and Bryant, P.},
  Title = "{{LHC Machine}}",
  Year = {2008},
  Journal = {{JINST}}, 
  Volume = {3},
  Pages = {{S08001}},
  doi = {10.1088/1748-0221/3/08/S08001},
  url = {http://dx.doi.org/10.1088/1748-0221/3/08/S08001},
  Annote = {{The LHC in JINST.}}
}

@article{Khachatryan:2016vau,
      author         = "{ATLAS and CMS Collaborations}",
      title          = "{Measurements of the Higgs boson production and decay
                        rates and constraints on its couplings from a combined
                        ATLAS and CMS analysis of the LHC pp collision data at $
                        \sqrt{s}=7 $ and 8 TeV}",
      journal        = "JHEP",
      volume         = "08",
      year           = "2016",
      pages          = "045",
      doi            = "10.1007/JHEP08(2016)045",
      eprint         = "1606.02266",
      archivePrefix  = "arXiv",
      primaryClass   = "hep-ex",
      reportNumber   = "CERN-EP-2016-100, ATLAS-HIGG-2015-07, CMS-HIG-15-002",
      SLACcitation   = "%%CITATION = ARXIV:1606.02266;%%"
}

@article{Bertone:2016nfn,
      author         = "Bertone, Gianfranco and Hooper, Dan",
      title          = "{History of dark matter}",
      journal        = "Rev. Mod. Phys.",
      volume         = "90",
      year           = "2018",
      number         = "4",
      pages          = "045002",
      doi            = "10.1103/RevModPhys.90.045002",
      eprint         = "1605.04909",
      archivePrefix  = "arXiv",
      primaryClass   = "astro-ph.CO",
      reportNumber   = "FERMILAB-PUB-16-157-A",
      SLACcitation   = "%%CITATION = ARXIV:1605.04909;%%"
}

@article{Boveia:2018yeb,
      author         = "Boveia, Antonio and Doglioni, Caterina",
      title          = "{Dark Matter Searches at Colliders}",
      journal        = "Ann. Rev. Nucl. Part. Sci.",
      volume         = "68",
      year           = "2018",
      pages          = "429-459",
      doi            = "10.1146/annurev-nucl-101917-021008",
      eprint         = "1810.12238",
      archivePrefix  = "arXiv",
      primaryClass   = "hep-ex",
      SLACcitation   = "%%CITATION = ARXIV:1810.12238;%%"
}

@article{Bertone:2018xtm,
      author         = "Bertone, Gianfranco and Tait, Tim, M. P.",
      title          = "{A new era in the search for dark matter}",
      journal        = "Nature",
      volume         = "562",
      year           = "2018",
      number         = "7725",
      pages          = "51-56",
      doi            = "10.1038/s41586-018-0542-z",
      eprint         = "1810.01668",
      archivePrefix  = "arXiv",
      primaryClass   = "astro-ph.CO",
      SLACcitation   = "%%CITATION = ARXIV:1810.01668;%%"
}


%%%% Conor's are below

@article{Bel:2015wha,
	author         = "Bel, Lennaert and De Bruyn, Kristof and Fleischer, Robert
		and Mulder, Mick and Tuning, Niels",
	title          = "{Anatomy of $ B\to D\overline{D} $ decays}",
	journal        = "JHEP",
	volume         = "07",
	year           = "2015",
	pages          = "108",
	doi            = "10.1007/JHEP07(2015)108",
	eprint         = "1505.01361",
	archivePrefix  = "arXiv",
	primaryClass   = "hep-ph",
	reportNumber   = "NIKHEF-2015-019",
	SLACcitation   = "%%CITATION = ARXIV:1505.01361;%%"
}
@article{Jung:2014jfa,
	author         = "Jung, Martin and Schacht, Stefan",
	title          = "{Standard model predictions and new physics sensitivity in $B \to DD$ decays}",
	journal        = "Phys.\ Rev.",
	volume         = "D91",
	year           = "2015",
	pages          = "034027",
	doi            = "10.1103/PhysRevD.91.034027",
	eprint         = "1410.8396",
	archivePrefix  = "arXiv",
	primaryClass   = "hep-ph",
	reportNumber   = "DO-TH-13-24, TTP-14-027",
	SLACcitation   = "%%CITATION = ARXIV:1410.8396;%%"
}
@article{Fleischer:2016dqd,
	author         = "Fleischer, Robert and Vos, K. Keri",
	title          = "{$B^0_s$-$\bar B^0_s$ Oscillations as a New Tool to Explore CP Violation in $D_s^\pm$ Decays}",
	journal        = "Phys.\ Lett.",
    volume         = "B770",
    year           = "2017",
    pages          = "319",
    doi            = "10.1016/j.physletb.2017.04.056",
	eprint         = "1606.06042",
	archivePrefix  = "arXiv",
	primaryClass   = "hep-ph",
	reportNumber   = "NIKHEF-2016-029, SI-HEP-2016-17",
	SLACcitation   = "%%CITATION = ARXIV:1606.06042;%%"
}
@article{Aaij:2014ywt,
	author         = "Aaij, Roel and others",
	title          = "{Measurement of the $CP$-violating phase $\phi_s$ in $\bar{B}^{0}_{s}\to D_{s}^{+}D_{s}^{-}$ decays}",
	collaboration  = "LHCb",
	journal        = "Phys.\ Rev.\ Lett.",
	volume         = "113",
	year           = "2014",
	pages          = "211801",
	doi            = "10.1103/PhysRevLett.113.211801",
	eprint         = "1409.4619",
	archivePrefix  = "arXiv",
	primaryClass   = "hep-ex",
	reportNumber   = "LHCb-PAPER-2014-051",
	SLACcitation   = "%%CITATION = ARXIV:1409.4619;%%"
}

@article{Faller:2008gt,
	author         = "Faller, Sven and Fleischer, Robert and Mannel, Thomas",
	title          = "{Precision Physics with $B^0_s \to J/\psi \phi$ at the LHC: The Quest for New Physics}",
	journal        = "Phys.\ Rev.",
	volume         = "D79",
	year           = "2009",
	pages          = "014005",
	doi            = "10.1103/PhysRevD.79.014005",
	eprint         = "0810.4248",
	archivePrefix  = "arXiv",
	primaryClass   = "hep-ph",
	reportNumber   = "CERN-PH-TH-2008-167",
	SLACcitation   = "%%CITATION = ARXIV:0810.4248;%%"
}

@article{Aaij:2016yip,
	author         = "Aaij, Roel and others",
	collaboration  = "LHCb",
	title          = "{Measurement of $CP$ violation in $B^0 \!\rightarrow D^+ D^-$ decays}",
    journal        = "Phys.\ Rev.\ Lett.",
    volume         = "117",
    year           = "2016",
    pages          = "261801",
    doi            = "10.1103/PhysRevLett.117.261801",
    eprint         = "1608.06620",
	archivePrefix  = "arXiv",
	primaryClass   = "hep-ex",
	reportNumber   = "LHCb-PAPER-2016-037",
	SLACcitation   = "%%CITATION = ARXIV:1608.06620;%%"
}

@article{Brod:2013sga,
	author         = "Brod, Joachim and Zupan, Jure",
	title          = "{The ultimate theoretical error on $\gamma$ from $B \to DK$ decays}",
	journal        = "JHEP",
	volume         = "01",
	year           = "2014",
	pages          = "051",
	doi            = "10.1007/JHEP01(2014)051",
	eprint         = "1308.5663",
	archivePrefix  = "arXiv",
	primaryClass   = "hep-ph",
	SLACcitation   = "%%CITATION = ARXIV:1308.5663;%%"
}
@techreport{LHCb-PUB-2014-027,
	author        = "Fitzpatrick, C and Gligorov, V V",
	title         = "{Anatomy of an event in the upgrade era, and implications for the LHCb trigger}",
	number        = "LHCb-PUB-2014-027",
	reportNumber  = "LHCb-PUB-2014-027",
	note          = "\href{http://cds.cern.ch/record/1670985}{http://cds.cern.ch/record/1670985}",
	url           = "http://cds.cern.ch/record/1670985",
}

@techreport{CERN-LHCC-2014-016,
	author         = "Aaij, Roel and others",
	collaboration  = "LHCb",
	title         = "{LHCb Trigger and Online Upgrade Technical Design Report}",
	number        = "LHCb-TDR-016",
	reportNumber  = "CERN-LHCC-2014-016",
	note = "\href{http://cds.cern.ch/record/1701361}{http://cds.cern.ch/record/1701361}",
	url           = "http://cds.cern.ch/record/1701361",
}

@article{Fleischer:2003yb,
	author         = "Fleischer, Robert",
	title          = "{New strategies to obtain insights into CP violation through $B(s) \to D(s)K, D(s)^{*}K, \dots$ and $B(d) \to D\pi, D^{*}\pi, \dots$ decays}",
	journal        = "Nucl.\ Phys.",
	volume         = "B671",
	year           = "2003",
	pages          = "459",
	doi            = "10.1016/j.nuclphysb.2003.08.010",
	eprint         = "hep-ph/0304027",
	archivePrefix  = "arXiv",
	primaryClass   = "hep-ph",
	reportNumber   = "CERN-TH-2003-084",
	SLACcitation   = "%%CITATION = HEP-PH/0304027;%%"
}

@techreport{LHCb-PUB-2014-040,
	title         = "{Impact of the LHCb upgrade detector design choices on physics and trigger performance}",
	collaboration = "LHCb",
	author = "Aaij, Roel and others",
	number        = "LHCb-PUB-2014-040",
	reportNumber  = "LHCb-PUB-2014-040",
	note = "\href{https://cds.cern.ch/record/1748643}{https://cds.cern.ch/record/1748643}",
	url           = "https://cds.cern.ch/record/1748643",
}

@article{Aaij:2016rx,
	collaboration = "LHCb",      
	author         = "Aaij, R. and others",
	title          = "{Tesla : an application for real-time data analysis in High Energy Physics}",
	journal        = "Comput. Phys. Commun.",
	volume         = "208",
	year           = "2016",
	pages          = "35",
	doi            = "10.1016/j.cpc.2016.07.022",
	eprint         = "1604.05596",
	archivePrefix  = "arXiv",
	primaryClass   = "physics.ins-det",
	reportNumber   = "CERN-LHCb-DP-2016-001",
	SLACcitation   = "%%CITATION = ARXIV:1604.05596;%%"
}


@phdthesis{Fitzpatrick:1476300,
	author        = "Fitzpatrick, Conor and Muheim, Franz",
	title         = "{A measurement of the $CP$-violating phase $\phi{_s}$ in the decay $B{^0_s} \to J/\psi\phi$}",
	school        = "Edinburgh U.",
	reportNumber  = "CERN-THESIS-2012-110",
	url           = "https://cds.cern.ch/record/1476300",
	note          = "CERN-THESIS-2012-110, Presented 24 May 2012",
}
@article{Aaij:2013mga,
	author         = "Aaij, R and others",
	title          = "{Prompt charm production in pp collisions at sqrt(s)=7
		TeV}",
collaboration  = "LHCb",
journal        = "Nucl.\ Phys.",
volume         = "B871",
year           = "2013",
pages          = "1",
doi            = "10.1016/j.nuclphysb.2013.02.010",
eprint         = "1302.2864",
archivePrefix  = "arXiv",
primaryClass   = "hep-ex",
reportNumber   = "LHCb-PAPER-2012-041",
SLACcitation   = "%%CITATION = ARXIV:1302.2864;%%"
}
@techreport{Fitzpatrick:2244313,
	author        = "Fitzpatrick, Conor and Williams, J Michael and Meloni,
	Simone and Boettcher, Thomas Julian and Whitehead, Mark
		Peter and Dziurda, Agnieszka and Vesterinen, Mika Anton",
	title         = "{Upgrade trigger: Bandwidth strategy proposal}",
	number        = "LHCb-PUB-2017-006",
	reportNumber  = "LHCb-PUB-2017-006",
	url           = "https://cds.cern.ch/record/2244313",
}
@article{LHCb:2011aa,
	author         = "Aaij, R. and others",
	title          = "{Measurement of the CP-violating phase $\phi_s$ in the
		decay $B^0_s\to J/\psi \phi$}",
collaboration  = "LHCb",
journal        = "Phys.\ Rev.\ Lett.",
volume         = "108",
year           = "2012",
pages          = "101803",
doi            = "10.1103/PhysRevLett.108.101803",
eprint         = "1112.3183",
archivePrefix  = "arXiv",
primaryClass   = "hep-ex",
reportNumber   = "CERN-PH-EP-2011-214, LHCb-PAPER-2011-021",
SLACcitation   = "%%CITATION = ARXIV:1112.3183;%%"
}
@techreport{Williams:1670992,
	author        = "Williams, M and Benson, S and Brodzicka, J and
		Fitzpatrick, C and Gligorov, V V and Ilten, P and
		Vesterinen, M",
	title         = "{Trigger selections for the LHCb upgrade}",
	number        = "LHCb-PUB-2014-031",
	note = "\href{https://cds.cern.ch/record/1670992}{https://cds.cern.ch/record/1670992}",
	reportNumber  = "LHCb-PUB-2014-031",
	url           = "https://cds.cern.ch/record/1670992",
}


@article{Aaij:2013fha,
	author         = "Aaij, R and others",
	title          = "{First observations of $\bar{B}_s^0 \to D^+D^-$,
	$D_s^+D^-$ and $D^0\bar{D}^0$ decays}",
collaboration  = "LHCb",
journal        = "Phys.\ Rev.",
volume         = "D87",
year           = "2013",
pages          = "092007",
doi            = "10.1103/PhysRevD.87.092007",
eprint         = "1302.5854",
archivePrefix  = "arXiv",
primaryClass   = "hep-ex",
reportNumber   = "LHCB-PAPER-2012-050",
SLACcitation   = "%%CITATION = ARXIV:1302.5854;%%"
}

@article{Alves:2008zz,
      author         = "Alves, Jr., A. Augusto and others",
      title          = "{The LHCb Detector at the LHC}",
      collaboration  = "LHCb",
      journal        = "JINST",
      volume         = "3",
      year           = "2008",
      pages          = "S08005",
      doi            = "10.1088/1748-0221/3/08/S08005",
      SLACcitation   = "%%CITATION = JINST,3,S08005;%%"
}

@inproceedings{neubert:scales,
author =  "Matthias Neubert",
booktitle = "{\href
{https://indico.in2p3.fr/event/5116/contributions/33043/}{Europhysics Conference on High Energy Physics 2011}
}",
booktitleaddon = "{EPS-HEP Conference}",
date = "2011"
}
@article{Aaij:2016jht,
      author         = "Aaij, Roel and others",
      title          = "{Measurements of prompt charm production cross-sections
                        in pp collisions at $ \sqrt{s}=5 $ TeV}",
      collaboration  = "LHCb",
      journal        = "JHEP",
      volume         = "06",
      year           = "2017",
      pages          = "147",
      doi            = "10.1007/JHEP06(2017)147",
      eprint         = "1610.02230",
      archivePrefix  = "arXiv",
      primaryClass   = "hep-ex",
      reportNumber   = "CERN-EP-2016-244, LHCB-PAPER-2016-042",
      SLACcitation   = "%%CITATION = ARXIV:1610.02230;%%"
}
@article{Aaij:2015bpa,
      author         = "Aaij, Roel and others",
      title          = "{Measurements of prompt charm production cross-sections
                        in $pp$ collisions at $ \sqrt{s}=13 $ TeV}",
      collaboration  = "LHCb",
      journal        = "JHEP",
      volume         = "03",
      year           = "2016",
      pages          = "159",
      doi            = "10.1007/JHEP03(2016)159", 
      note           = "Erratum ibid. \href{http://dx.doi.org/10.1007/JHEP05(2017)074}{05 (2017) 074}",
      eprint         = "1510.01707",
      archivePrefix  = "arXiv",
      primaryClass   = "hep-ex",
      reportNumber   = "LHCB-PAPER-2015-041, CERN-PH-EP-2015-272",
      SLACcitation   = "%%CITATION = ARXIV:1510.01707;%%"
}
@article{Aaij:2017qml,
      author         = "Aaij, Roel and others",
      title          = "{Measurement of the $B^{\pm}$ production cross-section in
                        pp collisions at $\sqrt{s} =$ 7 and 13 TeV}",
      collaboration  = "LHCb",
      journal        = "JHEP",
      volume         = "12",
      year           = "2017",
      pages          = "026",
      doi            = "10.1007/JHEP12(2017)026",
      eprint         = "1710.04921",
      archivePrefix  = "arXiv",
      primaryClass   = "hep-ex",
      reportNumber   = "CERN-EP-2017-254, LHCB-PAPER-2017-037",
      SLACcitation   = "%%CITATION = ARXIV:1710.04921;%%"
}
@article{Aaij:2013noa,
      author         = "Aaij, R and others",
      title          = "{Measurement of B meson production cross-sections in
                        proton-proton collisions at $\sqrt{s}$ = 7 TeV}",
      collaboration  = "LHCb",
      journal        = "JHEP",
      volume         = "08",
      year           = "2013",
      pages          = "117",
      doi            = "10.1007/JHEP08(2013)117",
      eprint         = "1306.3663",
      archivePrefix  = "arXiv",
      primaryClass   = "hep-ex",
      reportNumber   = "CERN-PH-EP-2013-095, LHCB-PAPER-2013-004",
      SLACcitation   = "%%CITATION = ARXIV:1306.3663;%%"
}

@article{Aaij:2017lff,
      author         = "Aaij, Roel and others",
      title          = "{Measurement of $CP$ asymmetry in $B_s^0 \to D_s^{\mp}
                        K^{\pm}$ decays}",
      collaboration  = "LHCb",
      journal        = "JHEP",
      volume         = "03",
      year           = "2018",
      pages          = "059",
      doi            = "10.1007/JHEP03(2018)059",
      eprint         = "1712.07428",
      archivePrefix  = "arXiv",
      primaryClass   = "hep-ex",
      reportNumber   = "LHCB-PAPER-2017-047, CERN-EP-2017-315",
      SLACcitation   = "%%CITATION = ARXIV:1712.07428;%%"
}
@article{Aaij:2018kpq,
      author         = "Aaij, Roel and others",
      title          = "{Measurement of $CP$ violation in $B^{0}\rightarrow
                        D^{\mp}\pi^{\pm}$ decays}",
      collaboration  = "LHCb",
      journal        = "JHEP",
      volume         = "06",
      year           = "2018",
      pages          = "084",
      doi            = "10.1007/JHEP06(2018)084",
      eprint         = "1805.03448",
      archivePrefix  = "arXiv",
      primaryClass   = "hep-ex",
      reportNumber   = "LHCb-PAPER-2018-009, CERN-EP-2018-084,
                        LHCB-PAPER-2018-009",
      SLACcitation   = "%%CITATION = ARXIV:1805.03448;%%"
}

}
@article{Aaij:2018dxv,
      author         = "Aaij, R. and others",
      title          = "{Measurement of the $CP$ asymmetry in $B^-\to D_s^-D^0$
                        and $B^-\to D^-D^0$ decays}",
      collaboration  = "LHCb",
      journal        = "JHEP",
      volume         = "05",
      year           = "2018",
      pages          = "160",
      doi            = "10.1007/JHEP05(2018)160",
      eprint         = "1803.10990",
      archivePrefix  = "arXiv",
      primaryClass   = "hep-ex",
      reportNumber   = "LHCb-PAPER-2018-007, CERN-EP-2018-046,
                        LHCB-PAPER-2018-007",
      SLACcitation   = "%%CITATION = ARXIV:1803.10990;%%"
}
@article{Lenz:2010gu,
      author         = "Lenz, A. and Nierste, U. and Charles, J. and
                        Descotes-Genon, S. and Jantsch, A. and Kaufhold, C. and
                        Lacker, H. and Monteil, S. and Niess, V. and T'Jampens,
                        S.",
      title          = "{Anatomy of New Physics in $B - \bar{B}$ mixing}",
      journal        = "Phys. Rev.",
      volume         = "D83",
      year           = "2011",
      pages          = "036004",
      doi            = "10.1103/PhysRevD.83.036004",
      eprint         = "1008.1593",
      archivePrefix  = "arXiv",
      primaryClass   = "hep-ph",
      reportNumber   = "HU-EP-10-43-TTP10-33, DO-TH-10-05, SFB-CPP-10-68,
                        LPT-ORSAY-10-59, CPT-P040-2010",
      SLACcitation   = "%%CITATION = ARXIV:1008.1593;%%"
}
@article{Liu:2013nea,
      author         = "Liu, Xin and Wang, Wei and Xie, Yuehong",
      title          = "{Penguin pollution in $B\to J/\psi V$ decays and impact
                        on the extraction of the $B_s-\bar B_s$ mixing phase}",
      journal        = "Phys. Rev.",
      volume         = "D89",
      year           = "2014",
      pages          = "094010",
      doi            = "10.1103/PhysRevD.89.094010",
      eprint         = "1309.0313",
      archivePrefix  = "arXiv",
      primaryClass   = "hep-ph",
      SLACcitation   = "%%CITATION = ARXIV:1309.0313;%%"
}
@article{Aaij:2014jba,
      author         = "Aaij, Roel and others",
      title          = "{LHCb Detector Performance}",
      collaboration  = "LHCb",
      journal        = "Int. J. Mod. Phys.",
      volume         = "A30",
      year           = "2015",
      number         = "07",
      pages          = "1530022",
      doi            = "10.1142/S0217751X15300227",
      eprint         = "1412.6352",
      archivePrefix  = "arXiv",
      primaryClass   = "hep-ex",
      reportNumber   = "LHCB-DP-2014-002, CERN-PH-EP-2014-290",
      SLACcitation   = "%%CITATION = ARXIV:1412.6352;%%"
}

@article{Bourgeois:2018nvk,
      author         = "Bourgeois, Dylan and Fitzpatrick, Conor and Stahl,
                        Sascha",
      title          = "{Using holistic event information in the trigger}",
      year           = "2018",
      eprint         = "1808.00711",
      archivePrefix  = "arXiv",
      primaryClass   = "physics.ins-det",
      reportNumber   = "LHCb-PUB-2018-010",
      SLACcitation   = "%%CITATION = ARXIV:1808.00711;%%"
}
@article{Aaij:2012me,
      author         = "Aaij, R and others",
      title          = "{The LHCb Trigger and its Performance in 2011}",
      journal        = "JINST",
      volume         = "8",
      year           = "2013",
      pages          = "P04022",
      doi            = "10.1088/1748-0221/8/04/P04022",
      eprint         = "1211.3055",
      archivePrefix  = "arXiv",
      primaryClass   = "hep-ex",
      SLACcitation   = "%%CITATION = ARXIV:1211.3055;%%"
}
@techreport{Kenzie:2018oob,
      author         = "Aaij, Roel and others",
      collaboration  = "LHCb",
      title          = "{Update of the LHCb combination of the CKM angle
                        $\gamma$}",
      number   = "LHCb-CONF-2018-002",
      note = "\href{https://cds.cern.ch/record/2319289}{https://cds.cern.ch/record/2319289}",
      SLACcitation   = "%%CITATION = LHCB-CONF-2018-002;%%"
}
@techreport{Gligorov:1384380,
      author        = "Gligorov, Vladimir V and Thomas, Christopher and Williams,
                       Michael",
      title         = "{The HLT inclusive B triggers}",
      number        = "LHCb-PUB-2011-016",
      reportNumber  = "LHCb-PUB-2011-016",
      
      url           = "https://cds.cern.ch/record/1384380",
      note          = "\href{https://cds.cern.ch/record/1384380}{https://cds.cern.ch/record/1384380}",
}
@article{Koppenburg:2017mad,
      author         = "Descotes-Genon, Sébastien and Koppenburg, Patrick",
      title          = "{The CKM Parameters}",
      journal        = "Ann. Rev. Nucl. Part. Sci.",
      volume         = "67",
      year           = "2017",
      pages          = "97-127",
      doi            = "10.1146/annurev-nucl-101916-123109",
      eprint         = "1702.08834",
      archivePrefix  = "arXiv",
      primaryClass   = "hep-ex",
      reportNumber   = "NIKHEF-2017-012, LPT-ORSAY-17-06",
      SLACcitation   = "%%CITATION = ARXIV:1702.08834;%%"
}

@article{Aaij:2016kjh,
      author         = "Aaij, Roel and others",
      title          = "{Measurement of the CKM angle $\gamma$ from a combination
                        of LHCb results}",
      collaboration  = "LHCb",
      journal        = "JHEP",
      volume         = "12",
      year           = "2016",
      pages          = "087",
      doi            = "10.1007/JHEP12(2016)087",
      eprint         = "1611.03076",
      archivePrefix  = "arXiv",
      primaryClass   = "hep-ex",
      reportNumber   = "LHCB-PAPER-2016-032, CERN-EP-2016-270",
      SLACcitation   = "%%CITATION = ARXIV:1611.03076;%%"
}
@article{Brod:2014bfa,
      author         = "Brod, Joachim and Lenz, Alexander and
                        Tetlalmatzi-Xolocotzi, Gilberto and Wiebusch, Martin",
      title          = "{New physics effects in tree-level decays and the
                        precision in the determination of the quark mixing angle
                        γ}",
      journal        = "Phys. Rev.",
      volume         = "D92",
      year           = "2015",
      pages          = "033002",
      doi            = "10.1103/PhysRevD.92.033002",
      eprint         = "1412.1446",
      archivePrefix  = "arXiv",
      primaryClass   = "hep-ph",
      SLACcitation   = "%%CITATION = ARXIV:1412.1446;%%"
}
@article{Aaij:2012mu,
      author         = "Aaij, R. and others",
      title          = "{Opposite-side flavour tagging of B mesons at the LHCb
                        experiment}",
      collaboration  = "LHCb",
      journal        = "Eur. Phys. J.",
      volume         = "C72",
      year           = "2012",
      pages          = "2022",
      doi            = "10.1140/epjc/s10052-012-2022-1",
      eprint         = "1202.4979",
      archivePrefix  = "arXiv",
      primaryClass   = "hep-ex",
      reportNumber   = "CERN-PH-EP-2012-039, LHCB-PAPER-2011-027",
      SLACcitation   = "%%CITATION = ARXIV:1202.4979;%%"
}
@article{Aubert:2008ah,
      author         = "Aubert, Bernard and others",
      title          = "{Measurements of time-dependent CP asymmetries in $B^0
                        \to D^{(*)} + D^{(*)}$ - decays}",
      booktitle      = "{Proceedings, 34th International Conference on High
                        Energy Physics (ICHEP 2008): Philadelphia, Pennsylvania,
                        July 30-August 5, 2008}",
      collaboration  = "BaBar",
      journal        = "Phys. Rev.",
      volume         = "D79",
      year           = "2009",
      pages          = "032002",
      doi            = "10.1103/PhysRevD.79.032002",
      eprint         = "0808.1866",
      archivePrefix  = "arXiv",
      primaryClass   = "hep-ex",
      reportNumber   = "SLAC-PUB-13327, BABAR-PUB-08-039",
      SLACcitation   = "%%CITATION = ARXIV:0808.1866;%%"
}
@article{Rohrken:2012ta,
      author         = "Rohrken, M. and others",
      title          = "{Measurements of Branching Fractions and Time-dependent
                        CP Violating Asymmetries in $B^{0} \to D^{(*)\pm}D^{\mp}$
                        Decays}",
      collaboration  = "Belle",
      journal        = "Phys. Rev.",
      volume         = "D85",
      year           = "2012",
      pages          = "091106",
      doi            = "10.1103/PhysRevD.85.091106",
      eprint         = "1203.6647",
      archivePrefix  = "arXiv",
      primaryClass   = "hep-ex",
      SLACcitation   = "%%CITATION = ARXIV:1203.6647;%%"
}
@article{Maguire:2017ypu,
      author         = "Maguire, Eamonn and Heinrich, Lukas and Watt, Graeme",
      title          = "{HEPData: a repository for high energy physics data}",
      booktitle      = "{Proceedings, 22nd International Conference on Computing
                        in High Energy and Nuclear Physics (CHEP2016): San
                        Francisco, CA, October 14-16, 2016}",
      journal        = "J. Phys. Conf. Ser.",
      volume         = "898",
      year           = "2017",
      pages          = "102006",
      doi            = "10.1088/1742-6596/898/10/102006",
      eprint         = "1704.05473",
      archivePrefix  = "arXiv",
      primaryClass   = "hep-ex",
      reportNumber   = "IPPP-17-31",
      SLACcitation   = "%%CITATION = ARXIV:1704.05473;%%"
}
@article{Buckley:2010ar,
      author         = "Buckley, Andy and Butterworth, Jonathan and Lonnblad,
                        Leif and Grellscheid, David and Hoeth, Hendrik and Monk,
                        James and Schulz, Holger and Siegert, Frank",
      title          = "{Rivet user manual}",
      journal        = "Comput. Phys. Commun.",
      volume         = "184",
      year           = "2013",
      pages          = "2803-2819",
      doi            = "10.1016/j.cpc.2013.05.021",
      eprint         = "1003.0694",
      archivePrefix  = "arXiv",
      primaryClass   = "hep-ph",
      reportNumber   = "MCNET-10-03",
      SLACcitation   = "%%CITATION = ARXIV:1003.0694;%%"
}
@techreport{omni:plan,
      author        = "{The Omni Group}",
      title         = "{OmniPlan}",
      number        = "Omniplan Project Management Software",
      reportNumber  = "",
      url           = "https://www.omnigroup.com/omniplan/",
      note          = "\href{https://www.omnigroup.com/omniplan/}{https://www.omnigroup.com/omniplan/}"
      }