% Things that will most likely appear in ATLAS bib

@article{Abbott:2018ikt,
      author         = "Abbott, B. and others",
      title          = "{Production and Integration of the ATLAS Insertable
                        B-Layer}",
      collaboration  = "ATLAS IBL",
      journal        = "JINST",
      volume         = "13",
      year           = "2018",
      number         = "05",
      pages          = "T05008",
      doi            = "10.1088/1748-0221/13/05/T05008",
      eprint         = "1803.00844",
      archivePrefix  = "arXiv",
      primaryClass   = "physics.ins-det",
      SLACcitation   = "%%CITATION = ARXIV:1803.00844;%%"
}

@article{PERF-2017-02,
    author         = "{ATLAS Collaboration}",
      title          = "{Measurement of the photon identification efficiencies
                        with the ATLAS detector using LHC Run 2 data collected in
                        2015 and 2016}",
      collaboration  = "ATLAS",
      %journal        = "Submitted to: Eur. Phys. J.",
      year           = "2018",
      eprint         = "1810.05087",
      archivePrefix  = "arXiv",
      primaryClass   = "hep-ex",
      reportNumber   = "CERN-EP-2018-216",
      SLACcitation   = "%%CITATION = ARXIV:1810.05087;%%"
}

@article{PERF-2017-03,
    author         = "{ATLAS Collaboration}",
      title          = "{Electron and photon energy calibration with the ATLAS detector using 2015-2016 LHC proton-proton collision data}",
      collaboration  = "ATLAS",
       title          = "{Electron and photon energy calibration with the ATLAS
                        detector using 2015-2016 LHC proton-proton collision
                        data}",
      year           = "2018",
      eprint         = "1812.03848",
      archivePrefix  = "arXiv",
      primaryClass   = "hep-ex",
      reportNumber   = "CERN-EP-2018-296",}


@article{PERF-2016-05,
    author         = "{ATLAS Collaboration}",
      title          = "{Measurements of b-jet tagging efficiency with the ATLAS
                        detector using $ t\overline{t} $ events at $ \sqrt{s}=13 $
                        TeV}",
      collaboration  = "ATLAS",
      journal        = "JHEP",
      volume         = "08",
      year           = "2018",
      pages          = "089",
      doi            = "10.1007/JHEP08(2018)089",
      eprint         = "1805.01845",
      archivePrefix  = "arXiv",
      primaryClass   = "hep-ex",
      reportNumber   = "CERN-EP-2018-047",
      SLACcitation   = "%%CITATION = ARXIV:1805.01845;%%"
}

PYTHIA

@article{Sjostrand:2007gs,
      author         = "Sj{\"o}strand, Torbjorn and Mrenna, Stephen and Skands, Peter
                        Z.",
      title          = "{A brief introduction to PYTHIA 8.1}",
      journal        = "Comput. Phys. Commun.",
      volume         = "178",
      year           = "2008",
      pages          = "852-867",
      doi            = "10.1016/j.cpc.2008.01.036",
      eprint         = "0710.3820",
      archivePrefix  = "arXiv",
      primaryClass   = "hep-ph",
      reportNumber   = "CERN-LCGAPP-2007-04, LU-TP-07-28,
                        FERMILAB-PUB-07-512-CD-T",
      SLACcitation   = "%%CITATION = ARXIV:0710.3820;%%"
}


TDR

@article{LUCID2,
      author         = "Avoni, G. and others",
      title          = "{The new LUCID-2 detector for luminosity measurement and
                        monitoring in ATLAS}",
      journal        = "JINST",
      volume         = "13",
      year           = "2018",
      number         = "07",
      pages          = "P07017",
      doi            = "10.1088/1748-0221/13/07/P07017",
      SLACcitation   = "%%CITATION = JINST,13,P07017;%%"
}

@techreport{Capeans:1291633,
      author        = "{ATLAS Collaboration}",
      title         = "{ATLAS Insertable B-Layer Technical Design Report}",
      number        = "CERN-LHCC-2010-013. ATLAS-TDR-19",
      year          = "2010",
      reportNumber  = "CERN-LHCC-2010-013",
      url           = "https://cds.cern.ch/record/1291633",
}

@techreport{CERN-LHCC-2012-009,
      author        = "{ATLAS Collaboration}",
      title         = "{ATLAS Insertable B-Layer Technical Design Report
                       Addendum}",
      number        = "CERN-LHCC-2012-009. ATLAS-TDR-19-ADD-1",
      year          = "2012",
      reportNumber  = "CERN-LHCC-2012-009",
      url           = "https://cds.cern.ch/record/1451888",
      note          = "Addendum to CERN-LHCC-2010-013, ATLAS-TDR-019",
}


PHENO THINGS

@article{Harris:2011bh,
      author         = "Harris, Robert M. and Kousouris, Konstantinos",
      title          = "{Searches for dijet resonances at hadron colliders}",
      journal        = "Int. J. Mod. Phys. A",
      volume         = "26",
      year           = "2011",
      pages          = "5005--5055",
      doi            = "10.1142/S0217751X11054905",
      eprint         = "1110.5302",
      archivePrefix  = "arXiv",
      primaryClass   = "hep-ex",
      reportNumber   = "FERMILAB-PUB-11-567, CERN-OPEN-2011-044",
      SLACcitation   = "%%CITATION = ARXIV:1110.5302;%%"
}
@article{Dobrescu:2013coa,
      author         = "Dobrescu, Bogdan A. and Yu, Felix",
      title          = "{Coupling-mass mapping of dijet peak searches}",
      journal        = "Phys. Rev. D",
      volume         = "88",
      number         = "3",
      pages          = "035021",
      doi            = "10.1103/PhysRevD.90.079901",
      year           = "2013",
      eprint         = "1306.2629",
      archivePrefix  = "arXiv",
      primaryClass   = "hep-ph",
      SLACcitation   = "%%CITATION = ARXIV:1306.2629;%%",
}
@article{Chala:2015ama,
      author         = "Chala, Mikael and Kahlhoefer, Felix and McCullough,
                        Matthew and Nardini, Germano and Schmidt-Hoberg, Kai",
      title          = "{Constraining dark sectors with monojets and dijets}",
      journal        = "JHEP",
      volume         = "07",
      year           = "2015",
      pages          = "089",
      doi            = "10.1007/JHEP07(2015)089",
      eprint         = "1503.05916",
      archivePrefix  = "arXiv",
      primaryClass   = "hep-ph",
      reportNumber   = "DESY-15-036, CERN-PH-TH-2015-057",
      SLACcitation   = "%%CITATION = ARXIV:1503.05916;%%"
}
@booklet{LHCDMF:2015,
	Archiveprefix = {arXiv},
	Author = {Abercrombie, D. and others},
	Eprint = {1507.00966},
	Primaryclass = {hep-ex},
	Slaccitation = {%%CITATION = ARXIV:1507.00966;%%},
	Title = {{Dark matter benchmark models for early LHC Run-2 searches: report of the ATLAS/CMS Dark Matter Forum}},
	Year = 2015
}
@article{An:2012ue,
      author         = "An, Haipeng and Huo, Ran and Wang, Lian-Tao",
      title          = "{Searching for low mass dark portal at the LHC}",
      journal        = "Phys. Dark Univ.",
      volume         = "2",
      year           = "2013",
      pages          = "50--57",
      doi            = "10.1016/j.dark.2013.03.002",
      eprint         = "1212.2221",
      archivePrefix  = "arXiv",
      primaryClass   = "hep-ph",
      reportNumber   = "EFI-12-34, PI-PARTPHYS-311",
      SLACcitation   = "%%CITATION = ARXIV:1212.2221;%%"
}
@article{Shimmin:2016vlc,
      author         = "Shimmin, Chase and Whiteson, Daniel",
      title          = "{Boosting low-mass hadronic resonances}",
      journal        = "Phys. Rev. D",
      volume         = "94",
      year           = "2016",
      number         = "5",
      pages          = "055001",
      doi            = "10.1103/PhysRevD.94.055001",
      eprint         = "1602.07727",
      archivePrefix  = "arXiv",
      primaryClass   = "hep-ph",
      reportNumber   = "UCI-TR-2016-04",
      SLACcitation   = "%%CITATION = ARXIV:1602.07727;%%"
}



CDF AND OTHER EXPERIMENTS

@article{Alitti:1990kw,
      author = "{UA2~Collaboration}",
      title          = "{A Measurement of two jet decays of the $W$ and $Z$
                        bosons at the CERN $\bar{p} p$ collider}",
      journal        = "Z. Phys. C",
      volume         = "49",
      pages          = "17-28",
      doi            = "10.1007/BF01570793",
      year           = "1991",
      reportNumber   = "CERN-PPE-90-105",
      SLACcitation   = "%%CITATION = ZEPYA,C49,17;%%",
}
@article{Aaltonen:2008dn,
  author = "{CDF~Collaboration}",
  title = "{Search for new particles decaying into dijets in proton-antiproton collisions at $\sqrt{s} = 1.96$~\TeV}",
  journal = {Phys. Rev. D},
  volume = {79},
  pages = {112002},
  eprint    = "0812.4036",
  archivePrefix = "arXiv",
  primaryClass  =  "hep-ex",
  year = {2009},
  doi = "10.1103/PhysRevD.79.112002"
}

@article{Aaltonen:2008vt,
  author = "{CDF~Collaboration}",
  title     = "{Global search for new physics with 2.0~fb$^{-1}$ at CDF}",
  journal   = "Phys. Rev. D",
  volume    = "79",
  year      = "2009",
  pages     = "011101",
  eprint    = "0809.3781",
  archivePrefix = "arXiv",
  primaryClass  =  "hep-ex",
  doi       = "10.1103/PhysRevD.79.011101",
  SLACcitation  = "%%CITATION = 0809.3781;%%"
}


GENERATORS

@article{Alwall:2014hca,
      author         = "Alwall, J. and Frederix, R. and Frixione, S. and Hirschi,
                        V. and Maltoni, F. and Mattelaer, O. and Shao, H. -S. and
                        Stelzer, T. and Torrielli, P. and Zaro, M.",
      title          = "{The automated computation of tree-level and
                        next-to-leading order differential cross sections, and
                        their matching to parton shower simulations}",
      journal        = "JHEP",
      volume         = "07",
      year           = "2014",
      pages          = "079",
      doi            = "10.1007/JHEP07(2014)079",
      eprint         = "1405.0301",
      archivePrefix  = "arXiv",
      primaryClass   = "hep-ph",
      reportNumber   = "CERN-PH-TH-2014-064, CP3-14-18, LPN14-066, MCNET-14-09,
                        ZU-TH-14-14",
      SLACcitation   = "%%CITATION = ARXIV:1405.0301;%%"
}

@article{Ball:2012cx,
      author         = "Ball, Richard D. and others",
      title          = "{Parton distributions with LHC data}",
      journal        = "Nucl. Phys. B",
      volume         = "867",
      year           = "2013",
      pages          = "244--289",
      doi            = "10.1016/j.nuclphysb.2012.10.003",
      eprint         = "1207.1303",
      archivePrefix  = "arXiv",
      primaryClass   = "hep-ph",
      reportNumber   = "EDINBURGH-2012-08, IFUM-FT-997, FR-PHENO-2012-014,
                        RWTH-TTK-12-25, CERN-PH-TH-2012-037, SFB-CPP-12-47\,
                        --CERN-PH-TH-2012-037",
      SLACcitation   = "%%CITATION = ARXIV:1207.1303;%%"
}
@article{Ball:2014uwa,
      author         = "Ball, Richard D. and others",
      title          = "{Parton distributions for the LHC Run II}",
      collaboration  = "NNPDF",
      journal        = "JHEP",
      volume         = "04",
      year           = "2015",
      pages          = "040",
      doi            = "10.1007/JHEP04(2015)040",
      eprint         = "1410.8849",
      archivePrefix  = "arXiv",
      primaryClass   = "hep-ph",
      reportNumber   = "EDINBURGH-2014-15, IFUM-1034-FT, CERN-PH-TH-2013-253,
                        OUTP-14-11P, CAVENDISH-HEP-14-11",
      SLACcitation   = "%%CITATION = ARXIV:1410.8849;%%"
}

@Article{EvtGen,
    author         = "{D. J. Lange}",
    title          = "{The EvtGen particle decay simulation package}",
    journal        = "Nucl. Instrum. Meth.",
    volume         = "A462",
    year           = "2001",
    pages          = "152",
    doi            = "10.1016/S0168-9002(01)00089-4",
    primaryClass   = "hep-ex",
}

@article{Gleisberg:2008ta,
      author         = "Gleisberg, T. and H{\"o}eche, Stefan. and Krauss, F. and
                        Sch{\"o}nherr, M. and Schumann, S. and Siegert, F. and Winter,
                        J.",
      title          = "{Event generation with SHERPA 1.1}",
      journal        = "JHEP",
      volume         = "02",
      year           = "2009",
      pages          = "007",
      doi            = "10.1088/1126-6708/2009/02/007",
      eprint         = "0811.4622",
      archivePrefix  = "arXiv",
      primaryClass   = "hep-ph",
      reportNumber   = "FERMILAB-PUB-08-477-T, SLAC-PUB-13420, ZU-TH-17-08,
                        DCPT-08-138, IPPP-08-69, EDINBURGH-2008-30, MCNET-08-14",
      SLACcitation   = "%%CITATION = ARXIV:0811.4622;%%"
}

@article{Hoeche:2009rj,
      author         = "H{\"o}eche, Stefan and Krauss, Frank and Schumann, Steffen
                        and Siegert, Frank",
      title          = "{QCD matrix elements and truncated showers}",
      journal        = "JHEP",
      volume         = "05",
      year           = "2009",
      pages          = "053",
      doi            = "10.1088/1126-6708/2009/05/053",
      eprint         = "0903.1219",
      archivePrefix  = "arXiv",
      primaryClass   = "hep-ph",
      reportNumber   = "ZU-TH-02-09, IPPP-09-14, DCPT-09-28, HD-THEP-09-2,
                        MCNET-09-04",
      SLACcitation   = "%%CITATION = ARXIV:0903.1219;%%"
}
@article{Lai:2010vv,
      author         = "Lai, Hung-Liang and Guzzi, Marco and Huston, Joey and Li,
                        Zhao and Nadolsky, Pavel M. and Pumplin, Jon and Yuan, C.
                        -P.",
      title          = "{New parton distributions for collider physics}",
      journal        = "Phys. Rev. D",
      volume         = "82",
      year           = "2010",
      pages          = "074024",
      doi            = "10.1103/PhysRevD.82.074024",
      eprint         = "1007.2241",
      archivePrefix  = "arXiv",
      primaryClass   = "hep-ph",
      reportNumber   = "MSUHEP-100707, SMU-HEP-10-10",
      SLACcitation   = "%%CITATION = ARXIV:1007.2241;%%"
}
@article{Schumann:2007mg,
      author         = "Schumann, Steffen and Krauss, Frank",
      title          = "{A parton shower algorithm based on Catani-Seymour dipole
                        factorisation}",
      journal        = "JHEP",
      volume         = "03",
      year           = "2008",
      pages          = "038",
      doi            = "10.1088/1126-6708/2008/03/038",
      eprint         = "0709.1027",
      archivePrefix  = "arXiv",
      primaryClass   = "hep-ph",
      reportNumber   = "DCPT-07-86, IPPP-07-43",
      SLACcitation   = "%%CITATION = ARXIV:0709.1027;%%"
}
@Article{pythia8,
     author    = "Sj{\"o}strand,T. and Mrenna, S. and Skands, P.",
     title     = "{A brief introduction to PYTHIA 8.1}",
     journal        = "Comput. Phys. Commun.",
     volume         = "178",
     year           = "2008",
     pages          = "852--867",
     doi            = "10.1016/j.cpc.2008.01.036",
     eprint         = "0710.3820",
     archivePrefix  = "arXiv",
     primaryClass   = "hep-ph",
     reportNumber   = "CERN-LCGAPP-2007-04, LU-TP-07-28,
                       FERMILAB-PUB-07-512-CD-T",
     SLACcitation   = "%%CITATION = ARXIV:0710.3820;%%"
}




FASTJET

@Article{Cacciari:2006,
     author    = "Cacciari, M. and Salam, G.P.",
     title     = "{Dispelling the $N^3$ myth for the $k_t$ jet-finder}",
     journal   = "Phys. Lett. B",
     volume    = "641",
     year      = "2006",
     pages     = "57",
     eprint    = "hep-ph/0512210",
     archivePrefix = "arXiv",
     doi = "10.1016/j.physletb.2006.08.037"
}
@Article{antikT,
     author    = "Cacciari, M. and Salam, G.P. and Soyez, G.",
     title     = "{The anti-k$_t$ jet clustering algorithm}",
     journal        = "JHEP",
     volume         = "04",
     year           = "2008",
     pages          = "063",
     doi            = "10.1088/1126-6708/2008/04/063",
     eprint         = "0802.1189",
     archivePrefix  = "arXiv",
     primaryClass   = "hep-ph",
     reportNumber   = "LPTHE-07-03",
     SLACcitation   = "%%CITATION = ARXIV:0802.1189;%%"
}

BUMP HUNTING

@booklet{Choudalakis:2011bh,
  author    = {Choudalakis, G.},
  title     = "{On hypothesis testing, trials factor, hypertests and the 
                BumpHunter}",
  eprint    = "1101.0390",
  archivePrefix = "arXiv",
  year = 2011,
  primaryClass  =  "physics.data-an",
  SLACcitation   = "%%CITATION = ARXIV:1101.0390;%%"
}
@article{wilks1938,
	author = "Wilks, S. S.",
	title = "{The large-sample distribution of the likelihood ratio for testing composite hypotheses}",
	journal = "Ann. Math. Statist.",
	volume = "9",
	year = "1938",
	pages = "60--62",
	doi = "10.1214/aoms/1177732360"
}

NOT PUBLIC (YET) ATLAS RESULTS

@article{Aaboud:2018zba,
      author         = {ATLAS Collaboration},
      title          = "{Search for light resonances decaying to boosted quark
                        pairs and produced in association with a photon or a jet
                        in proton-proton collisions at $\sqrt{s}=13$ TeV with the
                        ATLAS detector}",
      collaboration  = "ATLAS",
      year           = "2018",
      eprint         = "1801.08769",
      archivePrefix  = "arXiv",
      primaryClass   = "hep-ex",
      reportNumber   = "CERN-EP-2017-280",
      SLACcitation   = "%%CITATION = ARXIV:1801.08769;%%"
}

@article{Aad:2010sp,
      author         = "{ATLAS Collaboration}",
      title          = "{Measurement of the inclusive isolated prompt photon
                        cross section in $pp$ collisions at $\sqrt{s}=7$ TeV with
                        the ATLAS detector}",
      collaboration  = "ATLAS",
      journal        = "Phys. Rev. D",
      volume         = "83",
      year           = "2011",
      pages          = "052005",
      doi            = "10.1103/PhysRevD.83.052005",
      eprint         = "1012.4389",
      archivePrefix  = "arXiv",
      primaryClass   = "hep-ex",
      reportNumber   = "CERN-PH-EP-2010-068",
      SLACcitation   = "%%CITATION = ARXIV:1012.4389;%%"
}

@article{Aaboud:2018xwy,
     author         = "{ATLAS Collaboration}",
      title          = "{Measurements of b-jet tagging efficiency with the ATLAS
                        detector using $ t\overline{t} $ events at $ \sqrt{s}=13 $
                        TeV}",
      collaboration  = "ATLAS",
      journal        = "JHEP",
      volume         = "08",
      year           = "2018",
      pages          = "089",
      doi            = "10.1007/JHEP08(2018)089",
      eprint         = "1805.01845",
      archivePrefix  = "arXiv",
      primaryClass   = "hep-ex",
      reportNumber   = "CERN-EP-2018-047",
      SLACcitation   = "%%CITATION = ARXIV:1805.01845;%%"
}@article{Aaij:2015rla,
      author         = "{LHCb Collaboration}",
      title          = "{Measurement of forward $J/\psi$ production
                        cross-sections in $pp$ collisions at $\sqrt{s}=13$ TeV}",
      journal        = "JHEP",
      volume         = "10",
      year           = "2015",
      pages          = "172",
      doi            = "10.1007/JHEP05(2017)063, 10.1007/JHEP10(2015)172",
      eprint         = "1509.00771",
      archivePrefix  = "arXiv",
      primaryClass   = "hep-ex",
      reportNumber   = "LHCB-PAPER-2015-037, CERN-PH-EP-2015-222",
      SLACcitation   = "%%CITATION = ARXIV:1509.00771;%%"
}

@article{Sirunyan:2018xlo,
      author         = "{CMS Collaboration}",
      title          = "{Search for narrow and broad dijet resonances in
                        proton-proton collisions at $\sqrt{s}=$ 13 TeV and
                        constraints on dark matter mediators and other new
                        particles}",
      year           = "2018",
      eprint         = "1806.00843",
      archivePrefix  = "arXiv",
      primaryClass   = "hep-ex",
      reportNumber   = "CMS-EXO-16-056, CERN-EP-2018-123, CMS-EXO-16-056,
                        CERN-EP-2018-123",
      SLACcitation   = "%%CITATION = ARXIV:1806.00843;%%"
}

@article{CMS-EXO-17-024,
      title          = "{Search for low-mass resonances decaying into bottom
                        quark-antiquark pairs in proton-proton collisions at
                        $\sqrt{s} =$ 13 TeV}",
      author         = "{CMS Collaboration}",
      year           = "2018",
      eprint         = "1810.11822",
      archivePrefix  = "arXiv",
      primaryClass   = "hep-ex",
      reportNumber   = "CMS-EXO-17-024, CERN-EP-2018-251",
      SLACcitation   = "%%CITATION = ARXIV:1810.11822;%%"
}

%replaced by
@article{Sirunyan:2018ikr,
      author         = "{CMS Collaboration}",
      title          = "{Search for low-mass resonances decaying into bottom
                        quark-antiquark pairs in proton-proton collisions at
                        $\sqrt{s} =$ 13 TeV}",
      collaboration  = "CMS",
      journal        = "Phys. Rev.",
      volume         = "D99",
      year           = "2019",
      number         = "1",
      pages          = "012005",
      doi            = "10.1103/PhysRevD.99.012005",
      eprint         = "1810.11822",
      archivePrefix  = "arXiv",
      primaryClass   = "hep-ex",
      reportNumber   = "CMS-EXO-17-024, CERN-EP-2018-251",
      SLACcitation   = "%%CITATION = ARXIV:1810.11822;%%"
}

@article{Khachatryan:2016ecr,
     author         = "{CMS Collaboration}",
     title          = "{Search for narrow resonances in dijet final states at
                       $\sqrt(s)=$ 8 TeV with the novel CMS technique of data
                       scouting}",
     collaboration  = "CMS",
     journal        = "Phys. Rev. Lett.",
     volume         = "117",
     year           = "2016",
     number         = "3",
     pages          = "031802",
     doi            = "10.1103/PhysRevLett.117.031802",
     eprint         = "1604.08907",
     archivePrefix  = "arXiv",
     primaryClass   = "hep-ex",
     reportNumber   = "CMS-EXO-14-005, CERN-EP-2016-090",
     SLACcitation   = "%%CITATION = ARXIV:1604.08907;%%"
}

@article{Arnison:1983dk,
      author         = "{UA1~Collaboration}",
      title          = "{Angular distributions and structure functions from two
                        jet events at the CERN SPS $p\bar{p}$ collider}",
      collaboration  = "UA1",
      journal        = "Phys. Lett. B",
      volume         = "136",
      year           = "1984",
      pages          = "294",
      doi            = "10.1016/0370-2693(84)91164-X",
      reportNumber   = "CERN-EP/83-198",
      SLACcitation   = "%%CITATION = PHLTA,B136,294;%%"
}
@article{Albajar:1988rs,
      author         = "{UA1~Collaboration}",
      title          = "{Two jet mass distributions at the CERN $p\bar{p}$ Collider}",
      collaboration  = "UA1",
      journal        = "Phys. Lett. B",
      volume         = "209",
      year           = "1988",
      pages          = "127--134",
      doi            = "10.1016/0370-2693(88)91843-6",
      reportNumber   = "CERN-EP-88-54",
      SLACcitation   = "%%CITATION = PHLTA,B209,127;%%"
}

@article{Bagnaia1984283,
author = "{UA2~Collaboration}",
collaboration = "UA2$\;$Collaboration",
title = "{Measurement of jet production properties at the CERN $p\bar{p}$ collider}",
journal = "Phys. Lett. B",
volume = "144",
pages = "283--290",
year = "1984",
doi = "10.1016/0370-2693(84)91822-7"
}


@article{Aaij:2016rxn,
      author         = "{LHCb Collaboration}",
      title          = "{Tesla : an application for real-time data analysis in
                        High Energy Physics}",
      journal        = "Comput. Phys. Commun.",
      volume         = "208",
      year           = "2016",
      pages          = "35-42",
      doi            = "10.1016/j.cpc.2016.07.022",
      eprint         = "1604.05596",
      archivePrefix  = "arXiv",
      primaryClass   = "physics.ins-det",
      reportNumber   = "CERN-LHCB-DP-2016-001",
      SLACcitation   = "%%CITATION = ARXIV:1604.05596;%%"
}




@article{Dobrescu:2013cmh,
      author         = "Dobrescu, Bogdan A. and Yu, Felix",
      title          = "{Coupling-mass mapping of dijet peak searches}",
      journal        = "Phys. Rev. D",
      number         = "3",
      volume         = "88",
      pages          = "035021",
      doi            = "10.1103/PhysRevD.88.035021, 10.1103/PhysRevD.90.079901",
      year           = "2013",
      eprint         = "1306.2629",
      archivePrefix  = "arXiv",
      primaryClass   = "hep-ph",
      SLACcitation   = "%%CITATION = ARXIV:1306.2629;%%",
}

@article{Cacciari:2008gp,
        author    = "Matteo Cacciari and Gavin P.~ Salam and Gregory Soyez",
        title     = "{The anti-$k_t$ jet clustering algorithm}",
        journal   = "JHEP",
        volume    = "04",
        year      = "2008",
        pages     = "063",
        eprint    = "0802.1189",
        archivePrefix = "arXiv",
        primaryClass  =  "hep-ph",
        doi       = "10.1088/1126-6708/2008/04/063",
	SLACcitation  = "%%CITATION = 0802.1189;%%"
}

@Article{Choudalakis2012,
	author="Choudalakis, G. and Casadei, D.",
	title="Plotting the differences between data and expectation",
	journal="Eur. Phys. J. Plus",
	year="2012",
	volume="127",
	number="2",
	pages="25",
	doi="10.1140/epjp/i2012-12025-y",
	eprint    = "1111.2062",
  	archivePrefix = "arXiv",
 	primaryClass  =  "physics.data-an",
}


@booklet{Abercrombie:2015wmb,
      author         = "Abercrombie, Daniel and others",
      title          = "{Dark matter benchmark models for early LHC Run-2
                        searches: Report of the ATLAS/CMS Dark Matter Forum}",
      year           = 2015,
      eprint         = "1507.00966",
      archivePrefix  = "arXiv",
      primaryClass   = "hep-ex",
      reportNumber   = "FERMILAB-PUB-15-282-CD",
      SLACcitation   = "%%CITATION = ARXIV:1507.00966;%%"
}

@article{pythia,
     author    = "Sj{\"o}strand, T. and Mrenna, S. and Skands, P.",
     title     = "{A brief introduction to Pythia 8.1}",
     journal        = "Comp. Phys. Commun.",
     volume         = "178",
     year           = "2008",
     pages          = "852--867",
     doi            = "10.1016/j.cpc.2008.01.036",
     eprint         = "0710.3820",
     archivePrefix  = "arXiv",
     primaryClass   = "hep-ph",
     reportNumber   = "CERN-LCGAPP-2007-04, LU-TP-07-28,
                       FERMILAB-PUB-07-512-CD-T",
     SLACcitation   = "%%CITATION = ARXIV:0710.3820;%%"
}


OUT OF DATE CMS

@article{Sirunyan:2018xlo,
      author         = "Sirunyan, Albert M. and others",
      title          = "{Search for narrow and broad dijet resonances in
                        proton-proton collisions at $ \sqrt{s}=13 $ TeV and
                        constraints on dark matter mediators and other new
                        particles}",
      collaboration  = "CMS",
      journal        = "JHEP",
      volume         = "08",
      year           = "2018",
      pages          = "130",
      doi            = "10.1007/JHEP08(2018)130",
      eprint         = "1806.00843",
      archivePrefix  = "arXiv",
      primaryClass   = "hep-ex",
      reportNumber   = "CMS-EXO-16-056, CERN-EP-2018-123",
      SLACcitation   = "%%CITATION = ARXIV:1806.00843;%%"
}