
@Article{LHC2008,
  Author = {Evans, L. and Bryant, P.},
  Title = "{{LHC Machine}}",
  Year = {2008},
  Journal = {{JINST}}, 
  Volume = {3},
  Pages = {{S08001}},
  doi = {10.1088/1748-0221/3/08/S08001},
  url = {http://dx.doi.org/10.1088/1748-0221/3/08/S08001},
  Annote = {{The LHC in JINST.}}
}

@article{Khachatryan:2016vau,
      author         = "{ATLAS and CMS Collaborations}",
      title          = "{Measurements of the Higgs boson production and decay
                        rates and constraints on its couplings from a combined
                        ATLAS and CMS analysis of the LHC pp collision data at $
                        \sqrt{s}=7 $ and 8 TeV}",
      journal        = "JHEP",
      volume         = "08",
      year           = "2016",
      pages          = "045",
      doi            = "10.1007/JHEP08(2016)045",
      eprint         = "1606.02266",
      archivePrefix  = "arXiv",
      primaryClass   = "hep-ex",
      reportNumber   = "CERN-EP-2016-100, ATLAS-HIGG-2015-07, CMS-HIG-15-002",
      SLACcitation   = "%%CITATION = ARXIV:1606.02266;%%"
}

@article{Bertone:2016nfn,
      author         = "Bertone, Gianfranco and Hooper, Dan",
      title          = "{History of dark matter}",
      journal        = "Rev. Mod. Phys.",
      volume         = "90",
      year           = "2018",
      number         = "4",
      pages          = "045002",
      doi            = "10.1103/RevModPhys.90.045002",
      eprint         = "1605.04909",
      archivePrefix  = "arXiv",
      primaryClass   = "astro-ph.CO",
      reportNumber   = "FERMILAB-PUB-16-157-A",
      SLACcitation   = "%%CITATION = ARXIV:1605.04909;%%"
}

@article{Boveia:2018yeb,
      author         = "Boveia, Antonio and Doglioni, Caterina",
      title          = "{Dark Matter Searches at Colliders}",
      journal        = "Ann. Rev. Nucl. Part. Sci.",
      volume         = "68",
      year           = "2018",
      pages          = "429-459",
      doi            = "10.1146/annurev-nucl-101917-021008",
      eprint         = "1810.12238",
      archivePrefix  = "arXiv",
      primaryClass   = "hep-ex",
      SLACcitation   = "%%CITATION = ARXIV:1810.12238;%%"
}

@article{Bertone:2018xtm,
      author         = "Bertone, Gianfranco and Tait, Tim",
      title          = "{A new era in the search for dark matter}",
      journal        = "Nature",
      volume         = "562",
      year           = "2018",
      number         = "7725",
      pages          = "51-56",
      doi            = "10.1038/s41586-018-0542-z",
      eprint         = "1810.01668",
      archivePrefix  = "arXiv",
      primaryClass   = "astro-ph.CO",
      SLACcitation   = "%%CITATION = ARXIV:1810.01668;%%"
}

@article{Buchmueller:2017qhf,
      author         = "Buchmueller, Oliver and Doglioni, Caterina and Wang, Lian
                        Tao",
      title          = "{Search for dark matter at colliders}",
      journal        = "Nature Phys.",
      volume         = "13",
      year           = "2017",
      number         = "3",
      pages          = "217-223",
      doi            = "10.1038/nphys4054",
      eprint         = "1912.12739",
      archivePrefix  = "arXiv",
      primaryClass   = "hep-ex",
      SLACcitation   = "%%CITATION = ARXIV:1912.12739;%%"
}

@article{Strategy:2019vxc,
      author         = "Richard Keith Ellis and others",
      title          = "{Physics Briefing Book}",
      year           = "2019",
      eprint         = "1910.11775",
      archivePrefix  = "arXiv",
      primaryClass   = "hep-ex",
      reportNumber   = "CERN-ESU-004",
      SLACcitation   = "%%CITATION = ARXIV:1910.11775;%%"
}

@misc{DMWGWebsite,
	title = "LHC Dark Matter Working Group",
	howpublished = "\url{https://lpcc.web.cern.ch/content/lhc-dm-wg-wg-dark-matter-searches-lhc}",
	year = {2016}, 
	note = "[Online; accessed 7-January-2019]"
}

@article{Abercrombie:2015wmb,
      author         = "Abercrombie, Daniel and others",
      title          = "{Dark Matter Benchmark Models for Early LHC Run-2
                        Searches: Report of the ATLAS/CMS Dark Matter Forum}",
      year           = "2015",
      eprint         = "1507.00966",
      archivePrefix  = "arXiv",
      primaryClass   = "hep-ex",
      reportNumber   = "FERMILAB-PUB-15-282-CD",
      SLACcitation   = "%%CITATION = ARXIV:1507.00966;%%"
}

@article{Aaij:2016rxn,
      author         = "{LHCb Collaboration}",
      title          = "{Tesla : an application for real-time data analysis in
                        High Energy Physics}",
      journal        = "Comput. Phys. Commun.",
      volume         = "208",
      year           = "2016",
      pages          = "35-42",
      doi            = "10.1016/j.cpc.2016.07.022",
      eprint         = "1604.05596",
      archivePrefix  = "arXiv",
      primaryClass   = "physics.ins-det",
      reportNumber   = "CERN-LHCB-DP-2016-001",
      SLACcitation   = "%%CITATION = ARXIV:1604.05596;%%"
}

@article{Khachatryan:2016ecr,
      author         = "{CMS Collaboration}",
      title          = "{Search for narrow resonances in dijet final states at
                        $\sqrt(s)=$ 8 TeV with the novel CMS technique of data
                        scouting}",
      journal        = "Phys. Rev. Lett.",
      volume         = "117",
      year           = "2016",
      number         = "3",
      pages          = "031802",
      doi            = "10.1103/PhysRevLett.117.031802",
      eprint         = "1604.08907",
      archivePrefix  = "arXiv",
      primaryClass   = "hep-ex",
      reportNumber   = "CMS-EXO-14-005, CERN-EP-2016-090",
      SLACcitation   = "%%CITATION = ARXIV:1604.08907;%%"
}

@article{Aaboud:2018fzt,
      author         = "{ATLAS Collaboration}",
      title          = "{Search for low-mass dijet resonances using trigger-level
                        jets with the ATLAS detector in $pp$ collisions at
                        $\sqrt{s}=13$ TeV}",
      journal        = "Phys. Rev. Lett.",
      volume         = "121",
      year           = "2018",
      number         = "8",
      pages          = "081801",
      doi            = "10.1103/PhysRevLett.121.081801",
      eprint         = "1804.03496",
      archivePrefix  = "arXiv",
      primaryClass   = "hep-ex",
      reportNumber   = "CERN-EP-2018-033",
      SLACcitation   = "%%CITATION = ARXIV:1804.03496;%%"
}

@article{Alves:2017she,
      author         = "Albrecht, Johannes and others",
      title          = "{A Roadmap for HEP Software and Computing R\&D for the
                        2020s}",
      collaboration  = "HEP Software Foundation",
      journal        = "Comput. Softw. Big Sci.",
      volume         = "3",
      year           = "2019",
      number         = "1",
      pages          = "7",
      doi            = "10.1007/s41781-018-0018-8",
      eprint         = "1712.06982",
      archivePrefix  = "arXiv",
      primaryClass   = "physics.comp-ph",
      reportNumber   = "HSF-CWP-2017-01, HSF-CWP-2017-001,
                        FERMILAB-PUB-17-607-CD",
      SLACcitation   = "%%CITATION = ARXIV:1712.06982;%%"
}

@inproceedings{Allen:2018yvz,
      author         = "Allen, Gabrielle and others",
      title          = "{Multi-Messenger Astrophysics: Harnessing the Data Revolution}",
      year           = "2018",
      eprint         = "1807.04780",
      archivePrefix  = "arXiv",
      primaryClass   = "astro-ph.IM",
      SLACcitation   = "%%CITATION = ARXIV:1807.04780;%%"
}

@misc{APPECStrategy,
	title = "European Astroparticle Physics Strategy 2017-2026",
	howpublished = "\url{https://www.appec.org/wp-content/uploads/Documents/Current-docs/APPEC-Strategy-Book-Proof-19-Feb-2018.pdf}",
	year = {2018}, 
	note = "[Online; accessed 7-January-2019]"
}

@article{Beacham:2019nyx,
      author         = "Beacham, J. and others",
      title          = "{Physics Beyond Colliders at CERN: Beyond the Standard
                        Model Working Group Report}",
      journal        = "J. Phys.",
      volume         = "G47",
      year           = "2020",
      number         = "1",
      pages          = "010501",
      doi            = "10.1088/1361-6471/ab4cd2",
      eprint         = "1901.09966",
      archivePrefix  = "arXiv",
      primaryClass   = "hep-ex",
      reportNumber   = "CERN-PBC-REPORT-2018-007",
      SLACcitation   = "%%CITATION = ARXIV:1901.09966;%%"
}

@article{Strassler:2006im,
      author         = "Strassler, Matthew J. and Zurek, Kathryn M.",
      title          = "{Echoes of a hidden valley at hadron colliders}",
      journal        = "Phys. Lett.",
      volume         = "B651",
      year           = "2007",
      pages          = "374-379",
      doi            = "10.1016/j.physletb.2007.06.055",
      eprint         = "hep-ph/0604261",
      archivePrefix  = "arXiv",
      primaryClass   = "hep-ph",
      SLACcitation   = "%%CITATION = HEP-PH/0604261;%%"
}

@article{Cohen:2017pzm,
      author         = "Cohen, Timothy and Lisanti, Mariangela and Lou, Hou Keong
                        and Mishra-Sharma, Siddharth",
      title          = "{LHC Searches for Dark Sector Showers}",
      journal        = "JHEP",
      volume         = "11",
      year           = "2017",
      pages          = "196",
      doi            = "10.1007/JHEP11(2017)196",
      eprint         = "1707.05326",
      archivePrefix  = "arXiv",
      primaryClass   = "hep-ph",
      reportNumber   = "PUPT-2529",
      SLACcitation   = "%%CITATION = ARXIV:1707.05326;%%"
}

@article{Curtin:2014cca,
      author         = "Curtin, David and Essig, Rouven and Gori, Stefania and
                        Shelton, Jessie",
      title          = "{Illuminating Dark Photons with High-Energy Colliders}",
      journal        = "JHEP",
      volume         = "02",
      year           = "2015",
      pages          = "157",
      doi            = "10.1007/JHEP02(2015)157",
      eprint         = "1412.0018",
      archivePrefix  = "arXiv",
      primaryClass   = "hep-ph",
      reportNumber   = "YITP-SB-14-49",
      SLACcitation   = "%%CITATION = ARXIV:1412.0018;%%"
}

@misc{iDMEu,
	title = "Initiative for Dark Matter in Europe and beyond: Towards facilitating communication and result sharing in the Dark Matter community (iDMEu)",
	howpublished = "\url{https://indico.cern.ch/e/iDMEu}",
	year = {2019}, 
	note = "[Online; accessed 7-January-2019]"
}


@article{Stewart:2016pay,
      author         = "Stewart, G. A. and others",
      title          = "{Multi-threaded software framework development for the
                        ATLAS experiment}",
      booktitle      = "{Proceedings, 17th International Workshop on Advanced
                        Computing and Analysis Techniques in Physics Research
                        (ACAT 2016): Valparaiso, Chile, January 18-22, 2016}",
      collaboration  = "ATLAS",
      journal        = "J. Phys. Conf. Ser.",
      volume         = "762",
      year           = "2016",
      number         = "1",
      pages          = "012024",
      doi            = "10.1088/1742-6596/762/1/012024",
      reportNumber   = "ATL-SOFT-PROC-2016-005",
      SLACcitation   = "%%CITATION = 00462,762,012024;%%"
}

@article{Aad:2013tqj,
      author         = "{ATLAS Collaboration}",
      title          = "{Technical Design Report for the Phase-I Upgrade of the
                        ATLAS TDAQ System}",
      collaboration  = "ATLAS",
      year           = "2013",
      reportNumber   = "CERN-LHCC-2013-018, ATLAS-TDR-023",
      SLACcitation   = "%%CITATION = CERN-LHCC-2013-018;%%"
}

@inproceedings{Schuy:2019awp,
      author         = "Schuy, Alex and Heinrich, Lukas and Cranmer, Kyle and
                        Hsu, Shih-Chieh",
      title          = "{Extending RECAST for Truth-Level Reinterpretations}",
      booktitle      = "{Proceedings of the Meeting of the Division of Particles and Fields of the
                        American Physical Society (DPF2019)}",
      year           = "2019",
      eprint         = "1910.10289",
      archivePrefix  = "arXiv",
      primaryClass   = "physics.data-an",
      SLACcitation   = "%%CITATION = ARXIV:1910.10289;%%"
}

@article{Aaboud:2019zxd,
      author         = "{ATLAS Collaboration}",
      title          = "{Search for low-mass resonances decaying into two jets
                        and produced in association with a photon using $pp$
                        collisions at $\sqrt{s} = 13$ TeV with the ATLAS
                        detector}",
      journal        = "Phys. Lett.",
      volume         = "B795",
      year           = "2019",
      pages          = "56-75",
      doi            = "10.1016/j.physletb.2019.03.067",
      eprint         = "1901.10917",
      archivePrefix  = "arXiv",
      primaryClass   = "hep-ex",
      reportNumber   = "CERN-EP-2018-347",
      SLACcitation   = "%%CITATION = ARXIV:1901.10917;%%"
}

@article{Kim:2019rhy,
      author         = "Kim, Jeong Han and Kong, Kyoungchul and Nachman, Benjamin
                        and Whiteson, Daniel",
      title          = "{The motivation and status of two-body resonance decays
                        after the LHC Run 2 and beyond}",
      year           = "2019",
      eprint         = "1907.06659",
      archivePrefix  = "arXiv",
      primaryClass   = "hep-ph",
      SLACcitation   = "%%CITATION = ARXIV:1907.06659;%%"
}

@article{Bernreuther:2019pfb,
      author         = "Bernreuther, Elias and Kahlhoefer, Felix and Kraemer,
                        Michael and Tunney, Patrick",
      title          = "{Strongly interacting dark sectors in the early Universe
                        and at the LHC through a simplified portal}",
      journal        = "Submitted to: J. High Energy Phys.",
      year           = "2019",
      eprint         = "1907.04346",
      archivePrefix  = "arXiv",
      primaryClass   = "hep-ph",
      reportNumber   = "TTK-19-25",
      SLACcitation   = "%%CITATION = ARXIV:1907.04346;%%"
}

@article{Falkowski:2010gv,
      author         = "Falkowski, Adam and Ruderman, Joshua T. and Volansky,
                        Tomer and Zupan, Jure",
      title          = "{Discovering Higgs Decays to Lepton Jets at Hadron
                        Colliders}",
      journal        = "Phys. Rev. Lett.",
      volume         = "105",
      year           = "2010",
      pages          = "241801",
      doi            = "10.1103/PhysRevLett.105.241801",
      eprint         = "1007.3496",
      archivePrefix  = "arXiv",
      primaryClass   = "hep-ph",
      SLACcitation   = "%%CITATION = ARXIV:1007.3496;%%"
}

@article{Sjostrand:2007gs,
      author         = "Sjostrand, Torbjorn and Mrenna, Stephen and Skands, Peter
                        Z.",
      title          = "{A Brief Introduction to PYTHIA 8.1}",
      journal        = "Comput. Phys. Commun.",
      volume         = "178",
      year           = "2008",
      pages          = "852-867",
      doi            = "10.1016/j.cpc.2008.01.036",
      eprint         = "0710.3820",
      archivePrefix  = "arXiv",
      primaryClass   = "hep-ph",
      reportNumber   = "CERN-LCGAPP-2007-04, LU-TP-07-28,
                        FERMILAB-PUB-07-512-CD-T",
      SLACcitation   = "%%CITATION = ARXIV:0710.3820;%%"
}

@article{Butterworth:2016sqg,
      author         = "Butterworth, Jonathan M. and Grellscheid, David and
                        Kraemer, Michael and Sarrazin, Bjoern and Yallup, David",
      title          = "{Constraining new physics with collider measurements of
                        Standard Model signatures}",
      journal        = "JHEP",
      volume         = "03",
      year           = "2017",
      pages          = "078",
      doi            = "10.1007/JHEP03(2017)078",
      eprint         = "1606.05296",
      archivePrefix  = "arXiv",
      primaryClass   = "hep-ph",
      reportNumber   = "IPPP-16-52, MCNET-16-21, TTK-16-22",
      SLACcitation   = "%%CITATION = ARXIV:1606.05296;%%"
}

@inproceedings{Doglioni:2019fza,
      author         = "Doglioni, Caterina",
      title          = "{Synergies between astroparticle, particle and nuclear
                        physics}",
      booktitle      = "{Proceedings of the European Physical Society Conference on High Energy Physics (EPS-HEP) 2019, special ECFA-EPS session}",
      year           = "2019",
      eprint         = "1912.12745",
      archivePrefix  = "arXiv",
      primaryClass   = "hep-ph",
      SLACcitation   = "%%CITATION = ARXIV:1912.12745;%%"
}

@misc{ATLASComputing,
	title = "ATLAS Computing and Software - Public Results",
	howpublished = "\url{https://twiki.cern.ch/twiki/bin/view/AtlasPublic/ComputingandSoftwarePublicResults}",
	year = {2019}, 
	note = "[Online; accessed 7-January-2019]"
}


%%%%

@article{Maguire:2017ypu,
      author         = "Maguire, Eamonn and Heinrich, Lukas and Watt, Graeme",
      title          = "{HEPData: a repository for high energy physics data}",
      booktitle      = "{Proceedings, 22nd International Conference on Computing
                        in High Energy and Nuclear Physics (CHEP2016): San
                        Francisco, CA, October 14-16, 2016}",
      journal        = "J. Phys. Conf. Ser.",
      volume         = "898",
      year           = "2017",
      pages          = "102006",
      doi            = "10.1088/1742-6596/898/10/102006",
      eprint         = "1704.05473",
      archivePrefix  = "arXiv",
      primaryClass   = "hep-ex",
      reportNumber   = "IPPP-17-31",
      SLACcitation   = "%%CITATION = ARXIV:1704.05473;%%"
}

@article{Buckley:2010ar,
      author         = "Buckley, Andy and Butterworth, Jonathan and Lonnblad,
                        Leif and Grellscheid, David and Hoeth, Hendrik and Monk,
                        James and Schulz, Holger and Siegert, Frank",
      title          = "{Rivet user manual}",
      journal        = "Comput. Phys. Commun.",
      volume         = "184",
      year           = "2013",
      pages          = "2803-2819",
      doi            = "10.1016/j.cpc.2013.05.021",
      eprint         = "1003.0694",
      archivePrefix  = "arXiv",
      primaryClass   = "hep-ph",
      reportNumber   = "MCNET-10-03",
      SLACcitation   = "%%CITATION = ARXIV:1003.0694;%%"
}
@techreport{omni:plan,
      author        = "{The Omni Group}",
      title         = "{OmniPlan}",
      number        = "Omniplan Project Management Software",
      reportNumber  = "",
      url           = "https://www.omnigroup.com/omniplan/",
      note          = "\href{https://www.omnigroup.com/omniplan/}{https://www.omnigroup.com/omniplan/}"
      }