
@misc{ToBeCited,
	title = "Citation to be added",
    collaboration  = "CERN",
	howpublished = "\url{https://cern.ch}",
	year = {2016}, 
	note = "[Online; accessed 21-January-2019]"
}

@Article{LHC2008,
  Author = {Evans, L. and Bryant, P.},
  Title = "{{LHC Machine}}",
  Year = {2008},
  Journal = {{JINST}}, 
  Volume = {3},
  Pages = {{S08001}},
  doi = {10.1088/1748-0221/3/08/S08001},
  url = {http://dx.doi.org/10.1088/1748-0221/3/08/S08001},
  Annote = {{The LHC in JINST.}}
}

@article{Khachatryan:2016vau,
      author         = "{ATLAS and CMS Collaborations}",
      title          = "{Measurements of the Higgs boson production and decay
                        rates and constraints on its couplings from a combined
                        ATLAS and CMS analysis of the LHC pp collision data at $
                        \sqrt{s}=7 $ and 8 TeV}",
      journal        = "JHEP",
      volume         = "08",
      year           = "2016",
      pages          = "045",
      doi            = "10.1007/JHEP08(2016)045",
      eprint         = "1606.02266",
      archivePrefix  = "arXiv",
      primaryClass   = "hep-ex",
      reportNumber   = "CERN-EP-2016-100, ATLAS-HIGG-2015-07, CMS-HIG-15-002",
      SLACcitation   = "%%CITATION = ARXIV:1606.02266;%%"
}

@article{Bertone:2016nfn,
      author         = "Bertone, Gianfranco and Hooper, Dan",
      title          = "{History of dark matter}",
      journal        = "Rev. Mod. Phys.",
      volume         = "90",
      year           = "2018",
      number         = "4",
      pages          = "045002",
      doi            = "10.1103/RevModPhys.90.045002",
      eprint         = "1605.04909",
      archivePrefix  = "arXiv",
      primaryClass   = "astro-ph.CO",
      reportNumber   = "FERMILAB-PUB-16-157-A",
      SLACcitation   = "%%CITATION = ARXIV:1605.04909;%%"
}

@article{Boveia:2018yeb,
      author         = "Boveia, Antonio and Doglioni, Caterina",
      title          = "{Dark Matter Searches at Colliders}",
      journal        = "Ann. Rev. Nucl. Part. Sci.",
      volume         = "68",
      year           = "2018",
      pages          = "429-459",
      doi            = "10.1146/annurev-nucl-101917-021008",
      eprint         = "1810.12238",
      archivePrefix  = "arXiv",
      primaryClass   = "hep-ex",
      SLACcitation   = "%%CITATION = ARXIV:1810.12238;%%"
}

@article{FAIR,
      author         = "Wilkinson, M and Dumontier, M.and Aalbersberg and I. et al.",
      title          = "{The FAIR Guiding Principles for scientific data management and stewardship.}",
      journal        = "Sci Data",
      volume         = "3",
      year           = "2016",
      pages          = "160018",
      doi            = "10.1038/sdata.2016.18",
}

@article{Canepa:2019hph,
      author         = "Canepa, Anadi",
      title          = "{Searches for Supersymmetry at the Large Hadron
                        Collider}",
      journal        = "Rev. Phys.",
      volume         = "4",
      year           = "2019",
      pages          = "100033",
      doi            = "10.1016/j.revip.2019.100033",
      reportNumber   = "FERMILAB-PUB-19-242-PPD",
      SLACcitation   = "%%CITATION = FERMILAB-PUB-19-242-PPD;%%"
}

@inproceedings{Vincent:2008:ECR:1390156.1390294,
 author = {Vincent, Pascal and Larochelle, Hugo and Bengio, Yoshua and Manzagol, Pierre-Antoine},
 title = {Extracting and Composing Robust Features with Denoising Autoencoders},
 booktitle = {Proceedings of the 25th International Conference on Machine Learning},
 series = {ICML '08},
 year = {2008},
 isbn = {978-1-60558-205-4},
 location = {Helsinki, Finland},
 pages = {1096--1103},
 numpages = {8},
 url = {http://doi.acm.org/10.1145/1390156.1390294},
 doi = {10.1145/1390156.1390294},
 acmid = {1390294},
 publisher = {ACM},
 address = {New York, NY, USA},
} 

@article{hinton,
author = {Hinton, G.E. and Salakhutdinov, R.R.},
year = {2006},
month = {08},
pages = {504-7},
title = {Reducing the Dimensionality of Data with Neural Networks},
volume = {313},
journal = {Science (New York, N.Y.)},
doi = {10.1126/science.1127647}
}

@article{Aaboud:2019yqu,
      author         = "{ATLAS Collaboration}",
      title          = "{Constraints on mediator-based dark matter and scalar
                        dark energy models using $\sqrt s = 13$ TeV $pp$ collision
                        data collected by the ATLAS detector}",
      journal        = "JHEP",
      volume         = "05",
      year           = "2019",
      pages          = "142",
      doi            = "10.1007/JHEP05(2019)142",
      eprint         = "1903.01400",
      archivePrefix  = "arXiv",
      primaryClass   = "hep-ex",
      reportNumber   = "CERN-EP-2018-334",
      SLACcitation   = "%%CITATION = ARXIV:1903.01400;%%"
}

@article{Bertone:2018xtm,
      author         = "Bertone, Gianfranco and Tait, Tim",
      title          = "{A new era in the search for dark matter}",
      journal        = "Nature",
      volume         = "562",
      year           = "2018",
      number         = "7725",
      pages          = "51-56",
      doi            = "10.1038/s41586-018-0542-z",
      eprint         = "1810.01668",
      archivePrefix  = "arXiv",
      primaryClass   = "astro-ph.CO",
      SLACcitation   = "%%CITATION = ARXIV:1810.01668;%%"
}

@article{Buchmueller:2017qhf,
      author         = "Buchmueller, Oliver and Doglioni, Caterina and Wang, Lian
                        Tao",
      title          = "{Search for dark matter at colliders}",
      journal        = "Nature Phys.",
      volume         = "13",
      year           = "2017",
      number         = "3",
      pages          = "217-223",
      doi            = "10.1038/nphys4054",
      eprint         = "1912.12739",
      archivePrefix  = "arXiv",
      primaryClass   = "hep-ex",
      SLACcitation   = "%%CITATION = ARXIV:1912.12739;%%"
}

@article{Strategy:2019vxc,
      author         = "Richard Keith Ellis and others",
      title          = "{Physics Briefing Book}",
      year           = "2019",
      eprint         = "1910.11775",
      archivePrefix  = "arXiv",
      primaryClass   = "hep-ex",
      reportNumber   = "CERN-ESU-004",
      SLACcitation   = "%%CITATION = ARXIV:1910.11775;%%"
}

@misc{DMWGWebsite,
	title = "{LHC Dark Matter Working Group on the LHC Physics Center webpages}",
    collaboration  = "LHC Dark Matter Working Group",
	howpublished = "\url{https://lpcc.web.cern.ch/content/lhc-dm-wg-wg-dark-matter-searches-lhc}",
	year = {2016}, 
	note = "[Online; accessed 7-January-2019]"
}

@article{Abercrombie:2015wmb,
      author         = "Abercrombie, Daniel and others",
      collaboration  = "LHC Dark Matter Forum",
      title          = "{Dark Matter Benchmark Models for Early LHC Run-2
                        Searches: Report of the ATLAS/CMS Dark Matter Forum}",
      year           = "2015",
      eprint         = "1507.00966",
      archivePrefix  = "arXiv",
      primaryClass   = "hep-ex",
      reportNumber   = "FERMILAB-PUB-15-282-CD",
      SLACcitation   = "%%CITATION = ARXIV:1507.00966;%%"
}

@article{Goodman:2010ku,
      author         = "Goodman, Jessica and Ibe, Masahiro and Rajaraman, Arvind
                        and Shepherd, William and Tait, Tim M.P. and others",
      title          = "Constraints on Dark Matter from Colliders",
      journal        = "Phys.Rev.",
      volume         = "D82",
      pages          = "116010",
      doi            = "10.1103/PhysRevD.82.116010",
      year           = "2010",
      eprint         = "1008.1783",
      archivePrefix  = "arXiv",
      primaryClass   = "hep-ph",
      reportNumber   = "UCI-HEP-TR-2010-15",
      SLACcitation   = "%%CITATION = ARXIV:1008.1783;%%",
}

@article{Martin:1997ns,
      author         = "Martin, Stephen P.",
      title          = "{A Supersymmetry primer}",
      year           = "1997",
      pages          = "1-98",
      doi            = "10.1142/9789812839657_0001, 10.1142/9789814307505_0001",
      journal        = "Adv. Ser. Direct. High Energy Phys",
      volume         = "18",
      pages          = "1",
      eprint         = "hep-ph/9709356",
      archivePrefix  = "arXiv",
      primaryClass   = "hep-ph",
      reportNumber   = "FERMILAB-PUB-97-425-T",
      SLACcitation   = "%%CITATION = HEP-PH/9709356;%%"
}

@article{Egana-Ugrinovic:2019dqu,
      author         = "Egana-Ugrinovic, Daniel and Homiller, Samuel and Meade,
                        Patrick Roddy",
      title          = "{Higgs bosons with large couplings to light quarks}",
      journal        = "Phys. Rev.",
      volume         = "D100",
      year           = "2019",
      number         = "11",
      pages          = "115041",
      doi            = "10.1103/PhysRevD.100.115041",
      eprint         = "1908.11376",
      archivePrefix  = "arXiv",
      primaryClass   = "hep-ph",
      reportNumber   = "YITP-SB-19-25",
      SLACcitation   = "%%CITATION = ARXIV:1908.11376;%%"
}

@article{Shoemaker:2011vi,
      author         = "Shoemaker, Ian M. and Vecchi, Luca",
      title          = "Unitarity and Monojet Bounds on Models for {DAMA}, {CoGeNT},
                        and {CRESST-II}",
      journal        = "Phys.Rev.",
      volume         = "D86",
      pages          = "015023",
      doi            = "10.1103/PhysRevD.86.015023",
      year           = "2012",
      eprint         = "1112.5457",
      archivePrefix  = "arXiv",
      primaryClass   = "hep-ph",
      reportNumber   = "LA-UR-11-12298",
      SLACcitation   = "%%CITATION = ARXIV:1112.5457;%%",
}

@article{Buchmueller:2013dya,
      author         = "Buchmueller, O. and Dolan, Matthew J. and McCabe,
                        Christopher",
      title          = "{Beyond Effective Field Theory for Dark Matter Searches
                        at the LHC}",
      journal        = "JHEP",
      volume         = "01",
      year           = "2014",
      pages          = "025",
      doi            = "10.1007/JHEP01(2014)025",
      eprint         = "1308.6799",
      archivePrefix  = "arXiv",
      primaryClass   = "hep-ph",
      reportNumber   = "IPPP-13-63, DCPT-13-128",
      SLACcitation   = "%%CITATION = ARXIV:1308.6799;%%"
}

@article{Kang:2020huh,
      author         = "Kang, Yoo-Jin and Lee, Hyun Min",
      title          = "{Lightening Gravity-Mediated Dark Matter}",
      year           = "2020",
      eprint         = "2001.04868",
      archivePrefix  = "arXiv",
      primaryClass   = "hep-ph",
      SLACcitation   = "%%CITATION = ARXIV:2001.04868;%%"
}

@article{Ellis:2018xal,
      author         = "Ellis, John and Fairbairn, Malcolm and Tunney, Patrick",
      title          = "{Phenomenological Constraints on Anomaly-Free Dark Matter
                        Models}",
      year           = "2018",
      eprint         = "1807.02503",
      archivePrefix  = "arXiv",
      primaryClass   = "hep-ph",
      reportNumber   = "KCL-PH-TH-2018-32, CERN-TH-2018-153",
      SLACcitation   = "%%CITATION = ARXIV:1807.02503;%%"
}


%%% contains utf-8, see: https://inspirehep.net/info/faq/general#utf8
%%% add \usepackage[utf8]{inputenc} to your latex preamble

@article{Alves:2016cqf,
      author         = "Alves, Alexandre and Arcadi, Giorgio and Mambrini, Yann
                        and Profumo, Stefano and Queiroz, Farinaldo S.",
      title          = "{Augury of darkness: the low-mass dark Z$^{′}$ portal}",
      journal        = "JHEP",
      volume         = "04",
      year           = "2017",
      pages          = "164",
      doi            = "10.1007/JHEP04(2017)164",
      eprint         = "1612.07282",
      archivePrefix  = "arXiv",
      primaryClass   = "hep-ph",
      SLACcitation   = "%%CITATION = ARXIV:1612.07282;%%"
}

@article{Chala:2015ama,
      author         = "Chala, Mikael and Kahlhoefer, Felix and McCullough,
                        Matthew and Nardini, Germano and Schmidt-Hoberg, Kai",
      title          = "{Constraining Dark Sectors with Monojets and Dijets}",
      journal        = "JHEP",
      volume         = "07",
      year           = "2015",
      pages          = "089",
      doi            = "10.1007/JHEP07(2015)089",
      eprint         = "1503.05916",
      archivePrefix  = "arXiv",
      primaryClass   = "hep-ph",
      reportNumber   = "DESY-15-036, CERN-PH-TH-2015-057",
      SLACcitation   = "%%CITATION = ARXIV:1503.05916;%%"
}

@article{Buckley:2014fba,
      author         = "Buckley, Matthew R. and Feld, David and Goncalves,
                        Dorival",
      title          = "{Scalar Simplified Models for Dark Matter}",
      journal        = "Phys. Rev.",
      volume         = "D91",
      year           = "2015",
      pages          = "015017",
      doi            = "10.1103/PhysRevD.91.015017",
      eprint         = "1410.6497",
      archivePrefix  = "arXiv",
      primaryClass   = "hep-ph",
      reportNumber   = "IPPP-14-92, DCPT-14-184",
      SLACcitation   = "%%CITATION = ARXIV:1410.6497;%%"
}

@article{Abe:2018bpo,
      author         = "Abe, Tomohiro and others",
      title          = "{LHC Dark Matter Working Group: Next-generation spin-0
                        dark matter models}",
      collaboration  = "LHC Dark Matter Working Group",
      journal        = "Phys. Dark Univ.",
      year           = "2019",
      pages          = "100351",
      doi            = "10.1016/j.dark.2019.100351",
      eprint         = "1810.09420",
      archivePrefix  = "arXiv",
      primaryClass   = "hep-ex",
      reportNumber   = "CERN-LPCC-2018-02",
      SLACcitation   = "%%CITATION = ARXIV:1810.09420;%%"
}

%First paper
@article{Holdom:1985ag,
      author         = "Holdom, Bob",
      title          = "{Two U(1)'s and Epsilon Charge Shifts}",
      journal        = "Phys. Lett.",
      volume         = "166B",
      year           = "1986",
      pages          = "196-198",
      doi            = "10.1016/0370-2693(86)91377-8",
      reportNumber   = "UTPT-85-30",
      SLACcitation   = "%%CITATION = PHLTA,166B,196;%%"
}
@article{Sirunyan:2019pnb,
      author         = "{CMS Collaboration}",
      title          = "{Search for dijet resonances using events with three jets
                        in proton-proton collisions at $\sqrt{s}=$ 13 TeV}",
      year           = "2019",
      eprint         = "1911.03761",
      archivePrefix  = "arXiv",
      primaryClass   = "hep-ex",
      reportNumber   = "CMS-EXO-19-004, CERN-EP-2019-229",
      SLACcitation   = "%%CITATION = ARXIV:1911.03761;%%"
}

@article{Lee:2018pag,
      author         = "Lee, Lawrence and Ohm, Christian and Soffer, Abner and
                        Yu, Tien-Tien",
      title          = "{Collider Searches for Long-Lived Particles Beyond the
                        Standard Model}",
      journal        = "Prog. Part. Nucl. Phys.",
      volume         = "106",
      year           = "2019",
      pages          = "210-255",
      doi            = "10.1016/j.ppnp.2019.02.006",
      eprint         = "1810.12602",
      archivePrefix  = "arXiv",
      primaryClass   = "hep-ph",
      SLACcitation   = "%%CITATION = ARXIV:1810.12602;%%"
}

%EW hadron+lepton jets
@article{Cheung:2009su,
      author         = "Cheung, Clifford and Ruderman, Joshua T. and Wang,
                        Lian-Tao and Yavin, Itay",
      title          = "{Lepton Jets in (Supersymmetric) Electroweak Processes}",
      journal        = "JHEP",
      volume         = "04",
      year           = "2010",
      pages          = "116",
      doi            = "10.1007/JHEP04(2010)116",
      eprint         = "0909.0290",
      archivePrefix  = "arXiv",
      primaryClass   = "hep-ph",
      SLACcitation   = "%%CITATION = ARXIV:0909.0290;%%"
}

%Asymmetric DM
@article{Zurek:2013wia,
      author         = "Zurek, Kathryn M.",
      title          = "{Asymmetric Dark Matter: Theories, Signatures, and
                        Constraints}",
      journal        = "Phys. Rept.",
      volume         = "537",
      year           = "2014",
      pages          = "91-121",
      doi            = "10.1016/j.physrep.2013.12.001",
      eprint         = "1308.0338",
      archivePrefix  = "arXiv",
      primaryClass   = "hep-ph",
      SLACcitation   = "%%CITATION = ARXIV:1308.0338;%%"
}

%Self-interacting DM
@article{Tulin:2017ara,
      author         = "Tulin, Sean and Yu, Hai-Bo",
      title          = "{Dark Matter Self-interactions and Small Scale
                        Structure}",
      journal        = "Phys. Rept.",
      volume         = "730",
      year           = "2018",
      pages          = "1-57",
      doi            = "10.1016/j.physrep.2017.11.004",
      eprint         = "1705.02358",
      archivePrefix  = "arXiv",
      primaryClass   = "hep-ph",
      SLACcitation   = "%%CITATION = ARXIV:1705.02358;%%"
}

%%% contains utf-8, see: https://inspirehep.net/info/faq/general#utf8
%%% add \usepackage[utf8]{inputenc} to your latex preamble
%Felix
@article{Bernreuther:2019pfb,
      author         = "Bernreuther, Elias and Kahlhoefer, Felix and Krämer,
                        Michael and Tunney, Patrick",
      title          = "{Strongly interacting dark sectors in the early Universe
                        and at the LHC through a simplified portal}",
      journal        = "Submitted to: J. High Energy Phys.",
      year           = "2019",
      eprint         = "1907.04346",
      archivePrefix  = "arXiv",
      primaryClass   = "hep-ph",
      reportNumber   = "TTK-19-25",
      SLACcitation   = "%%CITATION = ARXIV:1907.04346;%%"
}

@article{Kribs:2018ilo,
      author         = "Kribs, Graham D. and Martin, Adam and Ostdiek, Bryan and
                        Tong, Tom",
      title          = "{Dark Mesons at the LHC}",
      journal        = "JHEP",
      volume         = "07",
      year           = "2019",
      pages          = "133",
      doi            = "10.1007/JHEP07(2019)133",
      eprint         = "1809.10184",
      archivePrefix  = "arXiv",
      primaryClass   = "hep-ph",
      SLACcitation   = "%%CITATION = ARXIV:1809.10184;%%"
}
@article{Park:2017rfb,
      author         = "Park, Myeonghun and Zhang, Mengchao",
      title          = "{Tagging a jet from a dark sector with Jet-substructures
                        at colliders}",
      journal        = "Phys. Rev.",
      volume         = "D100",
      year           = "2019",
      number         = "11",
      pages          = "115009",
      doi            = "10.1103/PhysRevD.100.115009",
      eprint         = "1712.09279",
      archivePrefix  = "arXiv",
      primaryClass   = "hep-ph",
      SLACcitation   = "%%CITATION = ARXIV:1712.09279;%%"
}


@article{Chatrchyan:2011hr,
      author         = "{CMS Collaboration}",
      title          = "{Search for Light Resonances Decaying into Pairs of Muons
                        as a Signal of New Physics}",
      journal        = "JHEP",
      volume         = "07",
      year           = "2011",
      pages          = "098",
      doi            = "10.1007/JHEP07(2011)098",
      eprint         = "1106.2375",
      archivePrefix  = "arXiv",
      primaryClass   = "hep-ex",
      reportNumber   = "CERN-PH-EP-2011-064, CMS-EXO-11-013",
      SLACcitation   = "%%CITATION = ARXIV:1106.2375;%%"
}

%%% contains utf-8, see: https://inspirehep.net/info/faq/general#utf8
%%% add \usepackage[utf8]{inputenc} to your latex preamble

@article{Bauer:2013ihz,
      author         = "Bauer, Daniel and others",
      title          = "{Dark Matter in the Coming Decade: Complementary Paths to
                        Discovery and Beyond}",
      collaboration  = "Snowmass 2013 Cosmic Frontier Working Groups 1–4",
      journal        = "Phys. Dark Univ.",
      volume         = "7-8",
      year           = "2015",
      pages          = "16-23",
      doi            = "10.1016/j.dark.2015.04.001",
      eprint         = "1305.1605",
      archivePrefix  = "arXiv",
      primaryClass   = "hep-ph",
      reportNumber   = "FERMILAB-CONF-13-166-A-AE",
      SLACcitation   = "%%CITATION = ARXIV:1305.1605;%%"
}

@article{Boveia:2016mrp,
      author         = "Busoni, Giorgio and others",
      editor         = "Boveia, Antonio and Buchmueller, Oliver and Doglioni,
                        Caterina and Hahn, Kristian and Haisch, Ulrich and
                        Kahlhoefer, Felix and Mangano, Michelangelo and McCabe,
                        Christopher and Tait, Tim M. P.",
      title          = "{Recommendations on presenting LHC searches for missing
                        transverse energy signals using simplified $s$-channel
                        models of dark matter}",
      journal        = "Phys. Dark Univ.",
      year           = "2019",
      pages          = "100365",
      doi            = "10.1016/j.dark.2019.100365",
      eprint         = "1603.04156",
      archivePrefix  = "arXiv",
      primaryClass   = "hep-ex",
      reportNumber   = "CERN-LPCC-2016-001, FERMILAB-FN-1009-CD",
      SLACcitation   = "%%CITATION = ARXIV:1603.04156;%%"
}

%%%EXPERIMENT

@article{Aaij:2016rxn,
      author         = "{LHCb Collaboration}",
      title          = "{Tesla : an application for real-time data analysis in
                        High Energy Physics}",
      journal        = "Comput. Phys. Commun.",
      volume         = "208",
      year           = "2016",
      pages          = "35-42",
      doi            = "10.1016/j.cpc.2016.07.022",
      eprint         = "1604.05596",
      archivePrefix  = "arXiv",
      primaryClass   = "physics.ins-det",
      reportNumber   = "CERN-LHCB-DP-2016-001",
      SLACcitation   = "%%CITATION = ARXIV:1604.05596;%%"
}

@article{Khachatryan:2016ecr,
      author         = "{CMS Collaboration}",
      title          = "{Search for narrow resonances in dijet final states at
                        $\sqrt(s)=$ 8 TeV with the novel CMS technique of data
                        scouting}",
      journal        = "Phys. Rev. Lett.",
      volume         = "117",
      year           = "2016",
      number         = "3",
      pages          = "031802",
      doi            = "10.1103/PhysRevLett.117.031802",
      eprint         = "1604.08907",
      archivePrefix  = "arXiv",
      primaryClass   = "hep-ex",
      reportNumber   = "CMS-EXO-14-005, CERN-EP-2016-090",
      SLACcitation   = "%%CITATION = ARXIV:1604.08907;%%"
}

@article{Sirunyan:2019wqq,
      author         = "{CMS Collaboration}",
      title          = "{Search for a narrow resonance lighter than 200 GeV
                        decaying to a pair of muons in proton-proton collisions at
                        $\sqrt{s}=$ 13 TeV}",
      year           = "2019",
      eprint         = "1912.04776",
      archivePrefix  = "arXiv",
      primaryClass   = "hep-ex",
      reportNumber   = "CMS-EXO-19-018, CERN-EP-2019-265",
      SLACcitation   = "%%CITATION = ARXIV:1912.04776;%%"
}

 @article{Khachatryan:2015wka,
      title          = "{A search for pair production of new light bosons
                        decaying into muons}",
      author         = "{CMS Collaboration}",
      journal        = "Phys. Lett.",
      volume         = "B752",
      year           = "2016",
      pages          = "146-168",
      doi            = "10.1016/j.physletb.2015.10.067",
      eprint         = "1506.00424",
      archivePrefix  = "arXiv",
      primaryClass   = "hep-ex",
      reportNumber   = "CMS-HIG-13-010, CERN-PH-EP-2015-116",
      SLACcitation   = "%%CITATION = ARXIV:1506.00424;%%"
}

@article{Aad:2019tua,
      author         = "{ATLAS Collaboration}",
      title          = "{Search for light long-lived neutral particles produced
                        in $pp$ collisions at $\sqrt{s} =$ 13 TeV and decaying
                        into collimated leptons or light hadrons with the ATLAS
                        detector}",
      year           = "2019",
      eprint         = "1909.01246",
      archivePrefix  = "arXiv",
      primaryClass   = "hep-ex",
      reportNumber   = "CERN-EP-2019-140",
      SLACcitation   = "%%CITATION = ARXIV:1909.01246;%%"
}

@article{Sjostrand:2014zea,
      author         = "Sj{\"o}strand, Torbj{\"o}rn and Ask, Stefan and Christiansen,
                        Jesper R. and Corke, Richard and Desai, Nishita and Ilten,
                        Philip and Mrenna, Stephen and Prestel, Stefan and
                        Rasmussen, Christine O. and Skands, Peter Z.",
      title          = "{An introduction to PYTHIA 8.2}",
      journal        = "Comput. Phys. Commun.",
      volume         = "191",
      year           = "2015",
      pages          = "159",
      doi            = "10.1016/j.cpc.2015.01.024",
      eprint         = "1410.3012",
      archivePrefix  = "arXiv",
      primaryClass   = "hep-ph",
      reportNumber   = "LU-TP-14-36, MCNET-14-22, CERN-PH-TH-2014-190,
                        FERMILAB-PUB-14-316-CD, DESY-14-178, SLAC-PUB-16122,
                        --FERMILAB-PUB-14-316-CD",
      SLACcitation   = "%%CITATION = ARXIV:1410.3012;%%"
}

@article{Caldwell_2009,
   title={BAT – The Bayesian analysis toolkit},
   volume={180},
   ISSN={0010-4655},
   url={http://dx.doi.org/10.1016/j.cpc.2009.06.026},
   DOI={10.1016/j.cpc.2009.06.026},
   number={11},
   journal={Computer Physics Communications},
   publisher={Elsevier BV},
   author={Caldwell, Allen and Kollár, Daniel and Kröninger, Kevin},
   year={2009},
   month={Nov},
   pages={2197–2209}
}

@inproceedings{Cowan:2013pha,
      author         = "Cowan, Glen",
      title          = "{Statistics for Searches at the LHC}",
      booktitle      = "{Proceedings, 69th Scottish Universities Summer School in
                        Physics : LHC Phenomenology (SUSSP69): St.Andrews,
                        Scotland, August 19-September 1, 2012}",
      year           = "2013",
      pages          = "321-355",
      doi            = "10.1007/978-3-319-05362-2\_9",
      eprint         = "1307.2487",
      archivePrefix  = "arXiv",
      primaryClass   = "hep-ex",
      SLACcitation   = "%%CITATION = ARXIV:1307.2487;%%"
}

@article{Read:2002hq,
      author         = "Read, Alexander L.",
      title          = "{Presentation of search results: The CL(s) technique}",
      booktitle      = "{Advanced Statistical Techniques in Particle Physics.
                        Proceedings, Conference, Durham, UK, March 18-22, 2002}",
      journal        = "J. Phys.",
      volume         = "G28",
      year           = "2002",
      pages          = "2693-2704",
      doi            = "10.1088/0954-3899/28/10/313",
      note           = "[,11(2002)]",
      SLACcitation   = "%%CITATION = JPAGA,G28,2693;%%"
}

@article{Bai:2013xga,
      author         = "Bai, Yang and Schwaller, Pedro",
      title          = "{Scale of dark QCD}",
      journal        = "Phys. Rev.",
      volume         = "D89",
      year           = "2014",
      number         = "6",
      pages          = "063522",
      doi            = "10.1103/PhysRevD.89.063522",
      eprint         = "1306.4676",
      archivePrefix  = "arXiv",
      primaryClass   = "hep-ph",
      SLACcitation   = "%%CITATION = ARXIV:1306.4676;%%"
}

@techreport{ATLAS-CONF-2018-052,
      title         = "{Search for boosted resonances decaying to two b-quarks
                       and produced in association with a jet at $\sqrt{s}=13$ TeV
                       with the ATLAS detector}",
      institution   = "CERN",
      author = "{ATLAS Collaboration}",
      address       = "Geneva",
      number        = "ATLAS-CONF-2018-052",
      month         = "Nov",
      year          = "2018",
      reportNumber  = "ATLAS-CONF-2018-052",
      url           = "https://cds.cern.ch/record/2649081",
}

@article{Gaskins:2016cha,
      author         = "Gaskins, Jennifer M.",
      title          = "{A review of indirect searches for particle dark matter}",
      journal        = "Contemp. Phys.",
      volume         = "57",
      year           = "2016",
      number         = "4",
      pages          = "496-525",
      doi            = "10.1080/00107514.2016.1175160",
      eprint         = "1604.00014",
      archivePrefix  = "arXiv",
      primaryClass   = "astro-ph.HE",
      SLACcitation   = "%%CITATION = ARXIV:1604.00014;%%"
}

@article{Schumann:2019eaa,
      author         = "Schumann, Marc",
      title          = "{Direct Detection of WIMP Dark Matter: Concepts and
                        Status}",
      journal        = "J. Phys.",
      volume         = "G46",
      year           = "2019",
      number         = "10",
      pages          = "103003",
      doi            = "10.1088/1361-6471/ab2ea5",
      eprint         = "1903.03026",
      archivePrefix  = "arXiv",
      primaryClass   = "astro-ph.CO",
      SLACcitation   = "%%CITATION = ARXIV:1903.03026;%%"
}

@article{Sirunyan:2019vxa,
      author         = "{CMS Collaboration}",
      title          = "{Search for low mass vector resonances decaying into
                        quark-antiquark pairs in proton-proton collisions at
                        $\sqrt{s}=$ 13 TeV}",
      journal        = "Phys. Rev.",
      volume         = "D100",
      year           = "2019",
      number         = "11",
      pages          = "112007",
      doi            = "10.1103/PhysRevD.100.112007",
      eprint         = "1909.04114",
      archivePrefix  = "arXiv",
      primaryClass   = "hep-ex",
      reportNumber   = "CMS-EXO-18-012, CERN-EP-2019-176",
      SLACcitation   = "%%CITATION = ARXIV:1909.04114;%%"
}

@article{Sirunyan:2018ikr,
      author         = "{CMS Collaboration}",
      title          = "{Search for low-mass resonances decaying into bottom
                        quark-antiquark pairs in proton-proton collisions at
                        $\sqrt{s} =$ 13 TeV}",
      journal        = "Phys. Rev.",
      volume         = "D99",
      year           = "2019",
      number         = "1",
      pages          = "012005",
      doi            = "10.1103/PhysRevD.99.012005",
      eprint         = "1810.11822",
      archivePrefix  = "arXiv",
      primaryClass   = "hep-ex",
      reportNumber   = "CMS-EXO-17-024, CERN-EP-2018-251",
      SLACcitation   = "%%CITATION = ARXIV:1810.11822;%%"
}

@article{An:2012ue,
      author         = "An, Haipeng and Huo, Ran and Wang, Lian-Tao",
      title          = "{Searching for Low Mass Dark Portal at the LHC}",
      journal        = "Phys. Dark Univ.",
      volume         = "2",
      year           = "2013",
      pages          = "50-57",
      doi            = "10.1016/j.dark.2013.03.002",
      eprint         = "1212.2221",
      archivePrefix  = "arXiv",
      primaryClass   = "hep-ph",
      reportNumber   = "EFI-12-34, PI-PARTPHYS-311",
      SLACcitation   = "%%CITATION = ARXIV:1212.2221;%%"
}

@book{pyhf, 
		title={pyhf: a pure Python statistical fitting library for High Energy Physics with tensors and autograd}, 
		DOI={10.25080/Majora-7ddc1dd1-019}, 
		author={Feickert, Matthew and Heinrich, Lukas and Stark, Giordon and Cranmer, Kyle}, 
		year={2019}, 
		month={Jul}
	}

@inproceedings{Choudalakis:2011qn,
      author         = "Choudalakis, Georgios",
      title          = "{On hypothesis testing, trials factor, hypertests and the
                        BumpHunter}",
      booktitle      = "{Proceedings, PHYSTAT 2011 Workshop on Statistical Issues
                        Related to Discovery Claims in Search Experiments and
                        Unfolding, CERN,Geneva, Switzerland 17-20 January 2011}",
      year           = "2011",
      eprint         = "1101.0390",
      archivePrefix  = "arXiv",
      primaryClass   = "physics.data-an",
      SLACcitation   = "%%CITATION = ARXIV:1101.0390;%%"
}

@article{Aaltonen:2008vt,
      author         = "Aaltonen, T. and others",
      title          = "{Global Search for New Physics with 2.0 fb$^{-1}$ at
                        CDF}",
      collaboration  = "CDF",
      journal        = "Phys. Rev.",
      volume         = "D79",
      year           = "2009",
      pages          = "011101",
      doi            = "10.1103/PhysRevD.79.011101",
      eprint         = "0809.3781",
      archivePrefix  = "arXiv",
      primaryClass   = "hep-ex",
      reportNumber   = "FERMILAB-PUB-08-400-E",
      SLACcitation   = "%%CITATION = ARXIV:0809.3781;%%"
}

@article{Edgar:2018irz,
      author         = "Edgar, Ryan and Amidei, Dante and Grud, Christopher and
                        Sekhon, Karishma",
      title          = "{Functional Decomposition: A new method for search and
                        limit setting}",
      year           = "2018",
      eprint         = "1805.04536",
      archivePrefix  = "arXiv",
      primaryClass   = "physics.data-an",
      SLACcitation   = "%%CITATION = ARXIV:1805.04536;%%"
}


@article{Collins:2019jip,
      author         = "Collins, Jack H. and Howe, Kiel and Nachman, Benjamin",
      title          = "{Extending the search for new resonances with machine
                        learning}",
      journal        = "Phys. Rev.",
      volume         = "D99",
      year           = "2019",
      number         = "1",
      pages          = "014038",
      doi            = "10.1103/PhysRevD.99.014038",
      eprint         = "1902.02634",
      archivePrefix  = "arXiv",
      primaryClass   = "hep-ph",
      reportNumber   = "FERMILAB-PUB-18-733-T",
      SLACcitation   = "%%CITATION = ARXIV:1902.02634;%%"
}


@article{Aaboud:2018fzt,
      author         = "{ATLAS Collaboration}",
      title          = "{Search for low-mass dijet resonances using trigger-level
                        jets with the ATLAS detector in $pp$ collisions at
                        $\sqrt{s}=13$ TeV}",
      journal        = "Phys. Rev. Lett.",
      volume         = "121",
      year           = "2018",
      number         = "8",
      pages          = "081801",
      doi            = "10.1103/PhysRevLett.121.081801",
      eprint         = "1804.03496",
      archivePrefix  = "arXiv",
      primaryClass   = "hep-ex",
      reportNumber   = "CERN-EP-2018-033",
      SLACcitation   = "%%CITATION = ARXIV:1804.03496;%%"
}

@article{Khosa:2019kxd,
      author         = "Khosa, Charanjit K. and Sanz, Veronica and Soughton,
                        Michael",
      title          = "{WIMPs or else? Using Machine Learning to disentangle LHC
                        signatures}",
      year           = "2019",
      eprint         = "1910.06058",
      archivePrefix  = "arXiv",
      primaryClass   = "hep-ph",
      SLACcitation   = "%%CITATION = ARXIV:1910.06058;%%"
}

@article{Alves:2017she,
      author         = "Albrecht, Johannes and others",
      title          = "{A Roadmap for HEP Software and Computing R\&D for the
                        2020s}",
      collaboration  = "HEP Software Foundation",
      journal        = "Comput. Softw. Big Sci.",
      volume         = "3",
      year           = "2019",
      number         = "1",
      pages          = "7",
      doi            = "10.1007/s41781-018-0018-8",
      eprint         = "1712.06982",
      archivePrefix  = "arXiv",
      primaryClass   = "physics.comp-ph",
      reportNumber   = "HSF-CWP-2017-01, HSF-CWP-2017-001,
                        FERMILAB-PUB-17-607-CD",
      SLACcitation   = "%%CITATION = ARXIV:1712.06982;%%"
}

@inproceedings{Allen:2018yvz,
      author         = "Allen, Gabrielle and others",
      title          = "{Multi-Messenger Astrophysics: Harnessing the Data Revolution}",
      year           = "2018",
      eprint         = "1807.04780",
      archivePrefix  = "arXiv",
      primaryClass   = "astro-ph.IM",
      SLACcitation   = "%%CITATION = ARXIV:1807.04780;%%"
}

@misc{APPECStrategy,
	title = "European Astroparticle Physics Strategy 2017-2026",
	howpublished = "\url{https://www.appec.org/wp-content/uploads/Documents/Current-docs/APPEC-Strategy-Book-Proof-19-Feb-2018.pdf}",
	year = {2018}, 
	note = "[Online; accessed 7-January-2019]"
}

@article{Beacham:2019nyx,
	  collaboration  = "Physics Beyond Colliders Working Group",
      author         = "Beacham, J. and others",
      title          = "{Physics Beyond Colliders at CERN: Beyond the Standard
                        Model Working Group Report}",
      journal        = "J. Phys.",
      volume         = "G47",
      year           = "2020",
      number         = "1",
      pages          = "010501",
      doi            = "10.1088/1361-6471/ab4cd2",
      eprint         = "1901.09966",
      archivePrefix  = "arXiv",
      primaryClass   = "hep-ex",
      reportNumber   = "CERN-PBC-REPORT-2018-007",
      SLACcitation   = "%%CITATION = ARXIV:1901.09966;%%"
}

@article{Strassler:2006im,
      author         = "Strassler, Matthew J. and Zurek, Kathryn M.",
      title          = "{Echoes of a hidden valley at hadron colliders}",
      journal        = "Phys. Lett.",
      volume         = "B651",
      year           = "2007",
      pages          = "374-379",
      doi            = "10.1016/j.physletb.2007.06.055",
      eprint         = "hep-ph/0604261",
      archivePrefix  = "arXiv",
      primaryClass   = "hep-ph",
      SLACcitation   = "%%CITATION = HEP-PH/0604261;%%"
}

@article{Cohen:2017pzm,
      author         = "Cohen, Timothy and Lisanti, Mariangela and Lou, Hou Keong
                        and Mishra-Sharma, Siddharth",
      title          = "{LHC Searches for Dark Sector Showers}",
      journal        = "JHEP",
      volume         = "11",
      year           = "2017",
      pages          = "196",
      doi            = "10.1007/JHEP11(2017)196",
      eprint         = "1707.05326",
      archivePrefix  = "arXiv",
      primaryClass   = "hep-ph",
      reportNumber   = "PUPT-2529",
      SLACcitation   = "%%CITATION = ARXIV:1707.05326;%%"
}

@article{Curtin:2014cca,
      author         = "Curtin, David and Essig, Rouven and Gori, Stefania and
                        Shelton, Jessie",
      title          = "{Illuminating Dark Photons with High-Energy Colliders}",
      journal        = "JHEP",
      volume         = "02",
      year           = "2015",
      pages          = "157",
      doi            = "10.1007/JHEP02(2015)157",
      eprint         = "1412.0018",
      archivePrefix  = "arXiv",
      primaryClass   = "hep-ph",
      reportNumber   = "YITP-SB-14-49",
      SLACcitation   = "%%CITATION = ARXIV:1412.0018;%%"
}

@misc{iDMEu,
	title = "{Initiative for Dark Matter in Europe and beyond: 
	Towards facilitating communication and result sharing in the Dark Matter community (iDMEu)}",
	howpublished = "\url{https://indico.cern.ch/e/iDMEu}",
	year = {2019}, 
	note = "[Online; accessed 7-January-2019]"
}


@article{Stewart:2016pay,
      author         = "Stewart, G. A. and others",
      title          = "{Multi-threaded software framework development for the
                        ATLAS experiment}",
      booktitle      = "{Proceedings, 17th International Workshop on Advanced
                        Computing and Analysis Techniques in Physics Research
                        (ACAT 2016), Chile}",
      journal        = "J. Phys. Conf. Ser.",
      volume         = "762",
      year           = "2016",
      number         = "1",
      pages          = "012024",
      doi            = "10.1088/1742-6596/762/1/012024",
      reportNumber   = "ATL-SOFT-PROC-2016-005",
      SLACcitation   = "%%CITATION = 00462,762,012024;%%"
}

@article{Aaboud:2016leb,
      author         = "{ATLAS Collaboration}",
      title          = "{Performance of the ATLAS Trigger System in 2015}",
      journal        = "Eur. Phys. J.",
      volume         = "C77",
      year           = "2017",
      number         = "5",
      pages          = "317",
      doi            = "10.1140/epjc/s10052-017-4852-3",
      eprint         = "1611.09661",
      archivePrefix  = "arXiv",
      primaryClass   = "hep-ex",
      reportNumber   = "CERN-EP-2016-241",
      SLACcitation   = "%%CITATION = ARXIV:1611.09661;%%"
}

%%% contains utf-8, see: https://inspirehep.net/info/faq/general#utf8
%%% add \usepackage[utf8]{inputenc} to your latex preamble

@article{Aad:2016jkr,
      author         = "{ATLAS Collaboration}",
      title          = "{Muon reconstruction performance of the ATLAS detector in
                        proton–proton collision data at $\sqrt{s}$ =13 TeV}",
      journal        = "Eur. Phys. J.",
      volume         = "C76",
      year           = "2016",
      number         = "5",
      pages          = "292",
      doi            = "10.1140/epjc/s10052-016-4120-y",
      eprint         = "1603.05598",
      archivePrefix  = "arXiv",
      primaryClass   = "hep-ex",
      reportNumber   = "CERN-EP-2016-033",
      SLACcitation   = "%%CITATION = ARXIV:1603.05598;%%"
}

%%% contains utf-8, see: https://inspirehep.net/info/faq/general#utf8
%%% add \usepackage[utf8]{inputenc} to your latex preamble

@article{Dreyer:2018nbf,
      author         = "Dreyer, Frédéric A. and Salam, Gavin P. and Soyez,
                        Grégory",
      title          = "{The Lund Jet Plane}",
      journal        = "JHEP",
      volume         = "12",
      year           = "2018",
      pages          = "064",
      doi            = "10.1007/JHEP12(2018)064",
      eprint         = "1807.04758",
      archivePrefix  = "arXiv",
      primaryClass   = "hep-ph",
      reportNumber   = "CERN-TH-2018-151",
      SLACcitation   = "%%CITATION = ARXIV:1807.04758;%%"
}

@article{Komiske:2019fks,
      author         = "Komiske, Patrick T. and Metodiev, Eric M. and Thaler,
                        Jesse",
      title          = "{Metric Space of Collider Events}",
      journal        = "Phys. Rev. Lett.",
      volume         = "123",
      year           = "2019",
      number         = "4",
      pages          = "041801",
      doi            = "10.1103/PhysRevLett.123.041801",
      eprint         = "1902.02346",
      archivePrefix  = "arXiv",
      primaryClass   = "hep-ph",
      reportNumber   = "MIT-CTP 5102",
      SLACcitation   = "%%CITATION = ARXIV:1902.02346;%%"
}

@article{Aaboud:2018lpl,
      author         = "Aaboud, Morad and others",
      title          = "{Search for R-parity-violating supersymmetric particles
                        in multi-jet final states produced in $p$-$p$ collisions
                        at $\sqrt{s} =13$ TeV using the ATLAS detector at the
                        LHC}",
      collaboration  = "ATLAS",
      journal        = "Phys. Lett.",
      volume         = "B785",
      year           = "2018",
      pages          = "136-158",
      doi            = "10.1016/j.physletb.2018.08.021",
      eprint         = "1804.03568",
      archivePrefix  = "arXiv",
      primaryClass   = "hep-ex",
      reportNumber   = "CERN-EP-2017-298",
      SLACcitation   = "%%CITATION = ARXIV:1804.03568;%%"
}

@article{Choi:2019mip,
      author         = "Choi, Suyong and Oh, Hayoung",
      title          = "{Improved Extrapolation Methods of Data-driven Background
                        Estimation in High-Energy Physics}",
      year           = "2019",
      eprint         = "1906.10831",
      archivePrefix  = "arXiv",
      primaryClass   = "hep-ph",
      SLACcitation   = "%%CITATION = ARXIV:1906.10831;%%"
}


@article{Frate:2017mai,
      author         = "Frate, Meghan and Cranmer, Kyle and Kalia, Saarik and
                        Vandenberg-Rodes, Alexander and Whiteson, Daniel",
      title          = "{Modeling Smooth Backgrounds and Generic Localized
                        Signals with Gaussian Processes}",
      year           = "2017",
      eprint         = "1709.05681",
      archivePrefix  = "arXiv",
      primaryClass   = "physics.data-an",
      SLACcitation   = "%%CITATION = ARXIV:1709.05681;%%"
}

@article{DAgnolo:2019vbw,
      author         = "D'Agnolo, Raffaele Tito and Grosso, Gaia and Pierini,
                        Maurizio and Wulzer, Andrea and Zanetti, Marco",
      title          = "{Learning Multivariate New Physics}",
      year           = "2019",
      eprint         = "1912.12155",
      archivePrefix  = "arXiv",
      primaryClass   = "hep-ph",
      SLACcitation   = "%%CITATION = ARXIV:1912.12155;%%"
}

@article{Cerri:2018anq,
      author         = "Cerri, Olmo and Nguyen, Thong Q. and Pierini, Maurizio
                        and Spiropulu, Maria and Vlimant, Jean-Roch",
      title          = "{Variational Autoencoders for New Physics Mining at the
                        Large Hadron Collider}",
      journal        = "JHEP",
      volume         = "05",
      year           = "2019",
      pages          = "036",
      doi            = "10.1007/JHEP05(2019)036",
      eprint         = "1811.10276",
      archivePrefix  = "arXiv",
      primaryClass   = "hep-ex",
      SLACcitation   = "%%CITATION = ARXIV:1811.10276;%%"
}

@article{Larkoski:2017jix,
      author         = "Larkoski, Andrew J. and Moult, Ian and Nachman, Benjamin",
      title          = "{Jet Substructure at the Large Hadron Collider: A Review
                        of Recent Advances in Theory and Machine Learning}",
      doi            = "10.1016/j.physrep.2019.11.001",
      year           = "2017",
      eprint         = "1709.04464",
      archivePrefix  = "arXiv",
      primaryClass   = "hep-ph",
      SLACcitation   = "%%CITATION = ARXIV:1709.04464;%%"
}

@inproceedings{Schuy:2019awp,
      author         = "Schuy, Alex and Heinrich, Lukas and Cranmer, Kyle and
                        Hsu, Shih-Chieh",
      title          = "{Extending RECAST for Truth-Level Reinterpretations}",
      booktitle      = "{Proceedings of the Meeting of the Division of Particles and Fields of the
                        American Physical Society (DPF2019)}",
      year           = "2019",
      eprint         = "1910.10289",
      archivePrefix  = "arXiv",
      primaryClass   = "physics.data-an",
      SLACcitation   = "%%CITATION = ARXIV:1910.10289;%%"
}



@article{Kim:2019rhy,
      author         = "Kim, Jeong Han and Kong, Kyoungchul and Nachman, Benjamin
                        and Whiteson, Daniel",
      title          = "{The motivation and status of two-body resonance decays
                        after the LHC Run 2 and beyond}",
      year           = "2019",
      eprint         = "1907.06659",
      archivePrefix  = "arXiv",
      primaryClass   = "hep-ph",
      SLACcitation   = "%%CITATION = ARXIV:1907.06659;%%"
}

@article{Falkowski:2010gv,
      author         = "Falkowski, Adam and Ruderman, Joshua T. and Volansky,
                        Tomer and Zupan, Jure",
      title          = "{Discovering Higgs Decays to Lepton Jets at Hadron
                        Colliders}",
      journal        = "Phys. Rev. Lett.",
      volume         = "105",
      year           = "2010",
      pages          = "241801",
      doi            = "10.1103/PhysRevLett.105.241801",
      eprint         = "1007.3496",
      archivePrefix  = "arXiv",
      primaryClass   = "hep-ph",
      SLACcitation   = "%%CITATION = ARXIV:1007.3496;%%"
}

@article{Sjostrand:2007gs,
      author         = "Sjostrand, Torbjorn and Mrenna, Stephen and Skands, Peter
                        Z.",
      title          = "{A Brief Introduction to PYTHIA 8.1}",
      journal        = "Comput. Phys. Commun.",
      volume         = "178",
      year           = "2008",
      pages          = "852-867",
      doi            = "10.1016/j.cpc.2008.01.036",
      eprint         = "0710.3820",
      archivePrefix  = "arXiv",
      primaryClass   = "hep-ph",
      reportNumber   = "CERN-LCGAPP-2007-04, LU-TP-07-28,
                        FERMILAB-PUB-07-512-CD-T",
      SLACcitation   = "%%CITATION = ARXIV:0710.3820;%%"
}

@article{Butterworth:2016sqg,
      author         = "Butterworth, Jonathan M. and Grellscheid, David and
                        Kraemer, Michael and Sarrazin, Bjoern and Yallup, David",
      title          = "{Constraining new physics with collider measurements of
                        Standard Model signatures}",
      journal        = "JHEP",
      volume         = "03",
      year           = "2017",
      pages          = "078",
      doi            = "10.1007/JHEP03(2017)078",
      eprint         = "1606.05296",
      archivePrefix  = "arXiv",
      primaryClass   = "hep-ph",
      reportNumber   = "IPPP-16-52, MCNET-16-21, TTK-16-22",
      SLACcitation   = "%%CITATION = ARXIV:1606.05296;%%"
}

@inproceedings{Doglioni:2019fza,
      author         = "Doglioni, Caterina",
      title          = "{Synergies between astroparticle, particle and nuclear
                        physics}",
      booktitle      = "{Proceedings of the European Physical Society Conference on High Energy Physics (EPS-HEP) 2019, special ECFA-EPS session}",
      year           = "2019",
      eprint         = "1912.12745",
      archivePrefix  = "arXiv",
      primaryClass   = "hep-ph",
      SLACcitation   = "%%CITATION = ARXIV:1912.12745;%%"
}

@misc{ATLASComputing,
	title = "{ATLAS Computing and Software - Public Results}",
	howpublished = "\url{https://twiki.cern.ch/twiki/bin/view/AtlasPublic/ComputingandSoftwarePublicResults}",
	year = {2019}, 
	note = "[Online; accessed 7-January-2019]"
}

@misc{ATLASTrigger,
	title = "{ATLAS Trigger Operations - Public Results}",
	howpublished = "\url{https://twiki.cern.ch/twiki/bin/view/AtlasPublic/TriggerOperationPublicResults#Trigger_Rates_and_bandwidth}",
	year = {2019}, 
	note = "[Online; accessed 27-January-2019]"
}

@article{Mariotti:2017vtv,
      author         = "Mariotti, Alberto and Redigolo, Diego and Sala, Filippo
                        and Tobioka, Kohsaku",
      title          = "{New LHC bound on low-mass diphoton resonances}",
      journal        = "Phys. Lett.",
      volume         = "B783",
      year           = "2018",
      pages          = "13-18",
      doi            = "10.1016/j.physletb.2018.06.039",
      eprint         = "1710.01743",
      archivePrefix  = "arXiv",
      primaryClass   = "hep-ph",
      reportNumber   = "DESY-17-148",
      SLACcitation   = "%%CITATION = ARXIV:1710.01743;%%"
}

@article{Aaboud:2017aca,
      author         = "{ATLAS Collaboration}",
      title          = "{Jet reconstruction and performance using particle flow
                        with the ATLAS Detector}",
      journal        = "Eur. Phys. J.",
      volume         = "C77",
      year           = "2017",
      number         = "7",
      pages          = "466",
      doi            = "10.1140/epjc/s10052-017-5031-2",
      eprint         = "1703.10485",
      archivePrefix  = "arXiv",
      primaryClass   = "hep-ex",
      reportNumber   = "CERN-EP-2017-024",
      SLACcitation   = "%%CITATION = ARXIV:1703.10485;%%"
}

@article{Martin:2229583,
      author        = "Martin, Tim",
      title         = "{Frameworks to monitor and predict resource usage in the
                       ATLAS High Level Trigger}",
      collaboration = "{ATLAS Collaboration}",
      month         = "Nov",
      year          = "2016",
      reportNumber  = "ATL-DAQ-SLIDE-2016-840",
      url           = "https://cds.cern.ch/record/2229583",
}

@article{Aaboud:2019wfg,
      author         = "{ATLAS Collaboration}",
      title          = "{Search for a right-handed gauge boson decaying into a
                        high-momentum heavy neutrino and a charged lepton in $pp$
                        collisions with the ATLAS detector at $\sqrt{s}=13$ TeV}",
      journal        = "Phys. Lett.",
      volume         = "B798",
      year           = "2019",
      pages          = "134942",
      doi            = "10.1016/j.physletb.2019.134942",
      eprint         = "1904.12679",
      archivePrefix  = "arXiv",
      primaryClass   = "hep-ex",
      reportNumber   = "CERN-EP-2019-052",
      SLACcitation   = "%%CITATION = ARXIV:1904.12679;%%"
}

@article{Chatterjee:2019brg,
      author         = "Chatterjee, Suman and Godbole, Rohini and Roy, Tuhin S.",
      title          = "{Jets with electrons from boosted top quarks}",
      journal        = "JHEP",
      volume         = "01",
      year           = "2020",
      pages          = "170",
      doi            = "10.1007/JHEP01(2020)170",
      eprint         = "1909.11041",
      archivePrefix  = "arXiv",
      primaryClass   = "hep-ph",
      reportNumber   = "TIFR/TH/19-33",
      SLACcitation   = "%%CITATION = ARXIV:1909.11041;%%"
}

@article{Ellis:2012sd,
      author         = "Ellis, Stephen D. and Roy, Tuhin S. and Scholtz, Jakub",
      title          = "{Jets and Photons}",
      journal        = "Phys. Rev. Lett.",
      volume         = "110",
      year           = "2013",
      number         = "12",
      pages          = "122003",
      doi            = "10.1103/PhysRevLett.110.122003",
      eprint         = "1210.1855",
      archivePrefix  = "arXiv",
      primaryClass   = "hep-ph",
      SLACcitation   = "%%CITATION = ARXIV:1210.1855;%%"
}


%%%%B2


%%% contains utf-8, see: https://inspirehep.net/info/faq/general#utf8
%%% add \usepackage[utf8]{inputenc} to your latex preamble

@article{Steigman:2012nb,
      author         = "Steigman, Gary and Dasgupta, Basudeb and Beacom, John F.",
      title          = "{Precise Relic WIMP Abundance and its Impact on Searches
                        for Dark Matter Annihilation}",
      journal        = "Phys. Rev.",
      volume         = "D86",
      year           = "2012",
      pages          = "023506",
      doi            = "10.1103/PhysRevD.86.023506",
      eprint         = "1204.3622",
      archivePrefix  = "arXiv",
      primaryClass   = "hep-ph",
      SLACcitation   = "%%CITATION = ARXIV:1204.3622;%%"
}

@article{Bernal:2017kxu,
      author         = "Bernal, Nicolás and Heikinheimo, Matti and Tenkanen,
                        Tommi and Tuominen, Kimmo and Vaskonen, Ville",
      title          = "{The Dawn of FIMP Dark Matter: A Review of Models and
                        Constraints}",
      journal        = "Int. J. Mod. Phys.",
      volume         = "A32",
      year           = "2017",
      number         = "27",
      pages          = "1730023",
      doi            = "10.1142/S0217751X1730023X",
      eprint         = "1706.07442",
      archivePrefix  = "arXiv",
      primaryClass   = "hep-ph",
      reportNumber   = "PI-UAN-2017-602FT, HIP-2017-08-TH, PI-UAN--2017--602FT,
                        HIP--2017--08-TH",
      SLACcitation   = "%%CITATION = ARXIV:1706.07442;%%"
}

@article{Hall:2009bx,
      author         = "Hall, Lawrence J. and Jedamzik, Karsten and
                        March-Russell, John and West, Stephen M.",
      title          = "{Freeze-In Production of FIMP Dark Matter}",
      journal        = "JHEP",
      volume         = "03",
      year           = "2010",
      pages          = "080",
      doi            = "10.1007/JHEP03(2010)080",
      eprint         = "0911.1120",
      archivePrefix  = "arXiv",
      primaryClass   = "hep-ph",
      reportNumber   = "OUTP-09-18-P, UCB-PTH-09-32",
      SLACcitation   = "%%CITATION = ARXIV:0911.1120;%%"
}



%%% contains utf-8, see: http://inspirehep.net/info/faq/general#utf8
%%% add \usepackage[utf8]{inputenc} to your latex preamble

@article{Bird:2016dcv,
      author         = "Bird, Simeon and Cholis, Ilias and Muñoz, Julian B. and
                        Ali-Haïmoud, Yacine and Kamionkowski, Marc and Kovetz,
                        Ely D. and Raccanelli, Alvise and Riess, Adam G.",
      title          = "{Did LIGO detect dark matter?}",
      journal        = "Phys. Rev. Lett.",
      volume         = "116",
      year           = "2016",
      number         = "20",
      pages          = "201301",
      doi            = "10.1103/PhysRevLett.116.201301",
      eprint         = "1603.00464",
      archivePrefix  = "arXiv",
      primaryClass   = "astro-ph.CO",
      SLACcitation   = "%%CITATION = ARXIV:1603.00464;%%"
}

@article{Lennon:2017tqq,
      author         = "Lennon, Olivier and March-Russell, John and
                        Petrossian-Byrne, Rudin and Tillim, Hannah",
      title          = "{Black Hole Genesis of Dark Matter}",
      journal        = "JCAP",
      volume         = "1804",
      year           = "2018",
      number         = "04",
      pages          = "009",
      doi            = "10.1088/1475-7516/2018/04/009",
      eprint         = "1712.07664",
      archivePrefix  = "arXiv",
      primaryClass   = "hep-ph",
      SLACcitation   = "%%CITATION = ARXIV:1712.07664;%%"
}

@article{McGaugh_2016,
   title={Radial Acceleration Relation in Rotationally Supported Galaxies},
   volume={117},
   ISSN={1079-7114},
   url={http://dx.doi.org/10.1103/PhysRevLett.117.201101},
   DOI={10.1103/physrevlett.117.201101},
   number={20},
   journal={Physical Review Letters},
   publisher={American Physical Society (APS)},
   author={McGaugh, Stacy S. and Lelli, Federico and Schombert, James M.},
   year={2016},
   month={Nov}
}
%Older
%http://inspirehep.net/record/21019?ln=en
@article{Marsh:2015xka,
      author         = "Marsh, David J. E.",
      title          = "{Axion Cosmology}",
      journal        = "Phys. Rept.",
      volume         = "643",
      year           = "2016",
      pages          = "1-79",
      doi            = "10.1016/j.physrep.2016.06.005",
      eprint         = "1510.07633",
      archivePrefix  = "arXiv",
      primaryClass   = "astro-ph.CO",
      reportNumber   = "KCL-PH-TH-2015-50",
      SLACcitation   = "%%CITATION = ARXIV:1510.07633;%%"
}

%%%%

%B2

@techreport{Collaboration:2035503,
      author        = "{ATLAS Collaboration}",
      title         = "{Measurement of the inclusive-jet cross section in
                       proton-proton collisions at 13 TeV centre-of-mass energy
                       with the ATLAS detector}",
      institution   = "CERN",
      address       = "Geneva",
      number        = "ATLAS-COM-CONF-2015-042",
      month         = "Jul",
      year          = "2015",
      reportNumber  = "ATLAS-COM-CONF-2015-042",
      url           = "https://cds.cern.ch/record/2035503",
}


@article{Bertone:2019irm,
      author         = "Bertone, Gianfranco and others",
      title          = "{Gravitational wave probes of dark matter: challenges and
                        opportunities}",
      year           = "2019",
      eprint         = "1907.10610",
      archivePrefix  = "arXiv",
      primaryClass   = "astro-ph.CO",
      SLACcitation   = "%%CITATION = ARXIV:1907.10610;%%"
}

@article{Barausse:2020rsu,
      author         = "Barausse, E. and others",
      title          = "{Prospects for Fundamental Physics with LISA}",
      year           = "2020",
      eprint         = "2001.09793",
      archivePrefix  = "arXiv",
      primaryClass   = "gr-qc",
      SLACcitation   = "%%CITATION = ARXIV:2001.09793;%%"
}


@phdthesis{Doglioni:2011ema,
      author         = "Doglioni, Caterina",
      title          = "{Measurement of the inclusive jet cross section with the
                        ATLAS detector at the Large Hadron Collider}",
      school         = "Oxford U.",
      year           = "2011",
      url            = "https://ora.ox.ac.uk/objects/uuid:1d2872e7-9fc4-4dd4-90bd-0b4e96fbb327",
      reportNumber   = "CERN-THESIS-2011-173",
      SLACcitation   = "%%CITATION = CERN-THESIS-2011-173;%%"
}


@Article{Alwall:2014hca,
      author         = "Alwall, J. and Frederix, R. and Frixione, S. and Hirschi,
                        V. and Maltoni, F. and others",
      title          = "{The automated computation of tree-level and
                        next-to-leading order differential cross sections, and
                        their matching to parton shower simulations}",
      journal        = "JHEP",
      volume         = "07",
      pages          = "079",
      doi            = "10.1007/JHEP07(2014)079",
      year           = "2014",
      eprint         = "1405.0301",
      archivePrefix  = "arXiv",
      primaryClass   = "hep-ph"
}


@misc{8956089,
   author       = {Östman, Leo},
  language     = {eng},
  note         = {Bachelor's thesis, \url{http://lup.lub.lu.se/student-papers/record/8956089}},
  title        = {Preliminary studies toward Trigger-Level Analysis with Photons in ATLAS},
  year         = {2018},
}


@article{Butterworth:2019wnt,
      author         = "Butterworth, Jon",
      title          = "{BSM constraints from model-independent measurements: A
                        Contur Update}",
      booktitle      = "{Proceedings, 5th Biennial Workshop on Discovery Physics
                        at the LHC (Kruger2018): Hazyview, Mpumulanga, South
                        Africa, December 3-7, 2018}",
      journal        = "J. Phys. Conf. Ser.",
      volume         = "1271",
      year           = "2019",
      number         = "1",
      pages          = "012013",
      doi            = "10.1088/1742-6596/1271/1/012013",
      eprint         = "1902.03067",
      archivePrefix  = "arXiv",
      primaryClass   = "hep-ph",
      reportNumber   = "MCNET-19-04",
      SLACcitation   = "%%CITATION = ARXIV:1902.03067;%%"
}

@article{Aad:2014aqa,
      author        = "{ATLAS Collaboration}",
      title          = "{Search for new phenomena in the dijet mass distribution
                        using $p-p$ collision data at $\sqrt{s}=8$ TeV with the
                        ATLAS detector}",
      journal        = "Phys. Rev.",
      volume         = "D91",
      year           = "2015",
      number         = "5",
      pages          = "052007",
      doi            = "10.1103/PhysRevD.91.052007",
      eprint         = "1407.1376",
      archivePrefix  = "arXiv",
      primaryClass   = "hep-ex",
      reportNumber   = "CERN-PH-EP-2014-147",
      SLACcitation   = "%%CITATION = ARXIV:1407.1376;%%"
}

@article{Aad:2014bia,
      author        = "{ATLAS Collaboration}",
      title          = "{Jet energy measurement and its systematic uncertainty in
                        proton-proton collisions at $\sqrt{s}=7$ TeV with the
                        ATLAS detector}",
      journal        = "Eur. Phys. J.",
      volume         = "C75",
      year           = "2015",
      pages          = "17",
      doi            = "10.1140/epjc/s10052-014-3190-y",
      eprint         = "1406.0076",
      archivePrefix  = "arXiv",
      primaryClass   = "hep-ex",
      reportNumber   = "CERN-PH-EP-2013-222",
      SLACcitation   = "%%CITATION = ARXIV:1406.0076;%%"
}

%%% contains utf-8, see: https://inspirehep.net/info/faq/general#utf8
%%% add \usepackage[utf8]{inputenc} to your latex preamble

@article{ATLAS:2015nsi,
      author        = "{ATLAS Collaboration}",
      title          = "{Search for new phenomena in dijet mass and angular
                        distributions from $pp$ collisions at $\sqrt{s}=$ 13 TeV
                        with the ATLAS detector}",
      journal        = "Phys. Lett.",
      volume         = "B754",
      year           = "2016",
      pages          = "302-322",
      doi            = "10.1016/j.physletb.2016.01.032",
      eprint         = "1512.01530",
      archivePrefix  = "arXiv",
      primaryClass   = "hep-ex",
      reportNumber   = "CERN-PH-EP-2015-311",
      SLACcitation   = "%%CITATION = ARXIV:1512.01530;%%"
}

%%% contains utf-8, see: https://inspirehep.net/info/faq/general#utf8
%%% add \usepackage[utf8]{inputenc} to your latex preamble

@article{Aaboud:2018kfi,
      author        = "{ATLAS Collaboration}",
      title          = "{In situ calibration of large-radius jet energy and mass
                        in 13 TeV proton–proton collisions with the ATLAS
                        detector}",
      collaboration  = "ATLAS",
      journal        = "Eur. Phys. J.",
      volume         = "C79",
      year           = "2019",
      number         = "2",
      pages          = "135",
      doi            = "10.1140/epjc/s10052-019-6632-8",
      eprint         = "1807.09477",
      archivePrefix  = "arXiv",
      primaryClass   = "hep-ex",
      reportNumber   = "CERN-EP-2018-191",
      SLACcitation   = "%%CITATION = ARXIV:1807.09477;%%"
}

@techreport{ATL-PHYS-PUB-2019-041,
      author        = "{ATLAS Collaboration}",
      title         = "{Fast Track Reconstruction for HL-LHC}",
      institution   = "CERN",
      address       = "Geneva",
      number        = "ATL-PHYS-PUB-2019-041",
      month         = "Oct",
      year          = "2019",
      reportNumber  = "ATL-PHYS-PUB-2019-041",
      url           = "https://cds.cern.ch/record/2693670",
}

%%%B2 experiment

@Article{ATLAS2008,
  Author = "{{ATLAS Collaboration}}",
  Title = {{The ATLAS Experiment at the CERN Large Hadron Collider}},
  Year = {2008},
  Journal = {{JINST}},
  Volume = {3},
  Pages = {{S08003}},
  doi = {10.1088/1748-0221/3/08/S08003},
  url = {http://dx.doi.org/10.1088/1748-0221/3/08/S08003},
  Annote = {{The ATLAS experiment in JINST.}}
}

@misc{Aad:1602235,
	  Author = "{ATLAS Collaboration}",
	  institution   = "CERN",
      title         = "{Technical Design Report for the Phase-I Upgrade of the
                       ATLAS TDAQ System}",
      number        = "CERN-LHCC-2013-018. ATLAS-TDR-023",
      month         = "Sep",
      year          = "2013",
      reportNumber  = "CERN-LHCC-2013-018",
      note           = "\href{https://cds.cern.ch/record/1602235}{CERN-LHCC-2013-018}",
}

@inproceedings{Bauss:2018nde,
      author         = "Bauss, B. and others",
      title          = "{A new high speed, Ultrascale+ based board for the ATLAS
                        jet calorimeter trigger system}",
      booktitle      = "{21st IEEE Real Time Conference (RT2018) Williamsburg,
                        Virginia, June 11-15, 2018}",
      year           = "2018",
      eprint         = "1806.09207",
      archivePrefix  = "arXiv",
      primaryClass   = "physics.ins-det",
      SLACcitation   = "%%CITATION = ARXIV:1806.09207;%%"
}

@inproceedings{Tang:2016ded,
      author         = "Tang, Shaochun and Begel, Michael and Chen, Hucheng and
                        Lanni, Francesco and Takai, Helio and Wu, Weihao",
      title          = "{gFEX, the ATLAS Calorimeter Level-1 real time
                        processor}",
      booktitle      = "{2015 IEEE Nuclear Science Symposium and
                        Medical Imaging Conference (NSS/MIC 2015)}",
      collaboration  = "ATLAS",
      year           = "2016",
      pages          = "7581865",
      doi            = "10.1109/NSSMIC.2015.7581865",
      reportNumber   = "ATL-DAQ-PROC-2015-059",
      SLACcitation   = "%%CITATION = ATL-DAQ-PROC-2015-059;%%"
}

@misc{CMSSummary,
 author  = "{CMS Collaboration}",
 title   = "{CMS Dark Matter Summary Plots}",
 year    = "2017",
 howpublished    = "\url{https://twiki.cern.ch/twiki/pub/CMSPublic/PhysicsResultsEXO/DM-summary-plots-Jul17.pdf}",
 note = "[Online; accessed 21-January-2020]"

}

@misc{ATLASSummary,
 author  = "{ATLAS Collaboration}",
 title   = "{Summary plots from the ATLAS Exotic physics group}",
 year    = "2019",
 howpublished    = "\url{https://atlas.web.cern.ch/Atlas/GROUPS/PHYSICS/CombinedSummaryPlots/EXOTICS/index.html#ATLAS_DarkMatter_Summary}",
 note = "[Online; accessed 21-January-2020]"
}

@inproceedings{Bielski:2674286,
      author        = "Bielski, Rafal and ATLAS Collaboration",
      title         = "{ATLAS High Level Trigger within the multi-threaded
                       software framework AthenaMT}",
      institution   = "CERN",
      collaboration = "{ATLAS Collaboration}",
      address       = "Geneva",
      number        = "ATL-DAQ-PROC-2019-004",
      month         = "May",
      year          = "2019",
      reportNumber  = "ATL-DAQ-PROC-2019-004",
      url           = "https://cds.cern.ch/record/2674286",
      booktitle      = "{19th International Workshop on Advanced Computing and Analysis Techniques in Physics Research}",
}

@article{Sirunyan:2018vlw,
      author		 = "{CMS Collaboration}",
      title          = "{Search for long-lived particles decaying into displaced
                        jets in proton-proton collisions at $\sqrt{s}=$ 13 TeV}",
      journal        = "Phys. Rev.",
      volume         = "D99",
      year           = "2019",
      number         = "3",
      pages          = "032011",
      doi            = "10.1103/PhysRevD.99.032011",
      eprint         = "1811.07991",
      archivePrefix  = "arXiv",
      primaryClass   = "hep-ex",
      reportNumber   = "CMS-EXO-18-007, CERN-EP-2018-289",
      SLACcitation   = "%%CITATION = ARXIV:1811.07991;%%"
}

@article{Hooper:2019xss,
      author         = "Hooper, Dan and Leane, Rebecca K. and Tsai, Yu-Dai and
                        Wegsman, Shalma and Witte, Samuel J.",
      title          = "{A Systematic Study of Hidden Sector Dark Matter:
                        Application to the Gamma-Ray and Antiproton Excesses}",
      year           = "2019",
      eprint         = "1912.08821",
      archivePrefix  = "arXiv",
      primaryClass   = "hep-ph",
      reportNumber   = "MIT-CTP/5157, FERMILAB-PUB-19-628-A",
      SLACcitation   = "%%CITATION = ARXIV:1912.08821;%%"
}

@article{Martin:2017uii,
      author         = "Martin, Tim",
      title          = "{Frameworks to monitor and predict rates and resource
                        usage in the ATLAS High Level Trigger}",
      booktitle      = "{Proceedings, 22nd International Conference on Computing
                        in High Energy and Nuclear Physics (CHEP2016): San
                        Francisco, CA, October 14-16, 2016}",
      collaboration  = "ATLAS",
      journal        = "J. Phys. Conf. Ser.",
      volume         = "898",
      year           = "2017",
      number         = "3",
      pages          = "032007",
      doi            = "10.1088/1742-6596/898/3/032007",
      reportNumber   = "ATL-DAQ-PROC-2016-044",
      SLACcitation   = "%%CITATION = 00462,898,032007;%%"
}

@article{Sirunyan:2019nfw,
      author         = "{CMS Collaboration}",
      title          = "{A deep neural network to search for new long-lived
                        particles decaying to jets}",
      year           = "2019",
      eprint         = "1912.12238",
      archivePrefix  = "arXiv",
      primaryClass   = "hep-ex",
      reportNumber   = "CMS-EXO-19-011, CERN-EP-2019-281",
      SLACcitation   = "%%CITATION = ARXIV:1912.12238;%%"
}

@phdthesis{DeBruyn:2018cdo,
      author         = "De Bruyn, Isabelle",
      title          = "{Search for Dark Matter in the Monojet and Trackless Jets
                        Final States with the CMS Detector at the LHC}",
      school         = "Vrije U., Brussels",
      year           = "2018",
      url            = "http://web.iihe.ac.be/publications/thesisIsaDeBruyn.pdf",
      reportNumber   = "CERN-THESIS-2018-107",
      SLACcitation   = "%%CITATION = CERN-THESIS-2018-107;%%"
}

@article{Aaboud:2019opc,
      author         = "{ATLAS Collaboration}",
      title          = "{Search for long-lived neutral particles in $pp$
                        collisions at $\sqrt{s}$ = 13 TeV that decay into
                        displaced hadronic jets in the ATLAS calorimeter}",
      journal        = "Eur. Phys. J.",
      volume         = "C79",
      year           = "2019",
      number         = "6",
      pages          = "481",
      doi            = "10.1140/epjc/s10052-019-6962-6",
      eprint         = "1902.03094",
      archivePrefix  = "arXiv",
      primaryClass   = "hep-ex",
      reportNumber   = "CERN-EP-2018-351",
      SLACcitation   = "%%CITATION = ARXIV:1902.03094;%%"
}

@article{Schwaller:2015gea,
      author         = "Schwaller, Pedro and Stolarski, Daniel and Weiler,
                        Andreas",
      title          = "{Emerging Jets}",
      journal        = "JHEP",
      volume         = "05",
      year           = "2015",
      pages          = "059",
      doi            = "10.1007/JHEP05(2015)059",
      eprint         = "1502.05409",
      archivePrefix  = "arXiv",
      primaryClass   = "hep-ph",
      reportNumber   = "CERN-PH-TH-2015-031, DESY-15-026",
      SLACcitation   = "%%CITATION = ARXIV:1502.05409;%%"
}

@article{Sirunyan:2018njd,
      author		 = "{CMS Collaboration}",
      title          = "{Search for new particles decaying to a jet and an
                        emerging jet}",
      journal        = "JHEP",
      volume         = "02",
      year           = "2019",
      pages          = "179",
      doi            = "10.1007/JHEP02(2019)179",
      eprint         = "1810.10069",
      archivePrefix  = "arXiv",
      primaryClass   = "hep-ex",
      reportNumber   = "CMS-EXO-18-001, CERN-EP-2018-255",
      SLACcitation   = "%%CITATION = ARXIV:1810.10069;%%"
}

@article{Aad:2019hjw,
      author		 = "{ATLAS Collaboration}",
      title          = "{Search for new resonances in mass distributions of jet
                        pairs using 139 fb$^{-1}$ of $pp$ collisions at
                        $\sqrt{s}=13$ TeV with the ATLAS detector}",
      year           = "2019",
      eprint         = "1910.08447",
      archivePrefix  = "arXiv",
      primaryClass   = "hep-ex",
      reportNumber   = "CERN-EP-2019-162",
      SLACcitation   = "%%CITATION = ARXIV:1910.08447;%%"
}

@article{Aaboud:2019zxd,
      title          = "{Search for low-mass resonances decaying into two jets
                        and produced in association with a photon using $pp$
                        collisions at $\sqrt{s} = 13$ TeV with the ATLAS
                        detector}",
      author		 = "{ATLAS Collaboration}",
      journal        = "Phys. Lett.",
      volume         = "B795",
      year           = "2019",
      pages          = "56-75",
      doi            = "10.1016/j.physletb.2019.03.067",
      eprint         = "1901.10917",
      archivePrefix  = "arXiv",
      primaryClass   = "hep-ex",
      reportNumber   = "CERN-EP-2018-347",
      SLACcitation   = "%%CITATION = ARXIV:1901.10917;%%"
}

@article{Sirunyan:2019vgj,
      author		 = "{CMS Collaboration}",
      title          = "{Search for high mass dijet resonances with a new
                        background prediction method in proton-proton collisions
                        at $\sqrt{s}=$ 13 TeV}",
      year           = "2019",
      eprint         = "1911.03947",
      archivePrefix  = "arXiv",
      primaryClass   = "hep-ex",
      reportNumber   = "CMS-EXO-19-012, CERN-EP-2019-222",
      SLACcitation   = "%%CITATION = ARXIV:1911.03947;%%"
}


@article{Hoenig:2014dsa,
      author         = "Hoenig, Isaac and Samach, Gabriel and Tucker-Smith,
                        David",
      title          = "{Searching for dilepton resonances below the Z mass at
                        the LHC}",
      journal        = "Phys. Rev.",
      volume         = "D90",
      year           = "2014",
      number         = "7",
      pages          = "075016",
      doi            = "10.1103/PhysRevD.90.075016",
      eprint         = "1408.1075",
      archivePrefix  = "arXiv",
      primaryClass   = "hep-ph",
      SLACcitation   = "%%CITATION = ARXIV:1408.1075;%%"
}

@article{Chivukula:2014pma,
      author         = "Sekhar Chivukula, R. and Simmons, Elizabeth H. and
                        Vignaroli, Natascia",
      title          = "{Distinguishing dijet resonances at the LHC}",
      journal        = "Phys. Rev.",
      volume         = "D91",
      year           = "2015",
      number         = "5",
      pages          = "055019",
      doi            = "10.1103/PhysRevD.91.055019",
      eprint         = "1412.3094",
      archivePrefix  = "arXiv",
      primaryClass   = "hep-ph",
      reportNumber   = "MSUHEP-141209",
      SLACcitation   = "%%CITATION = ARXIV:1412.3094;%%"
}
%%%%

@article{Maguire:2017ypu,
      author         = "Maguire, Eamonn and Heinrich, Lukas and Watt, Graeme",
      title          = "{HEPData: a repository for high energy physics data}",
      booktitle      = "{Proceedings, 22nd International Conference on Computing
                        in High Energy and Nuclear Physics (CHEP2016): San
                        Francisco, CA, October 14-16, 2016}",
      journal        = "J. Phys. Conf. Ser.",
      volume         = "898",
      year           = "2017",
      pages          = "102006",
      doi            = "10.1088/1742-6596/898/10/102006",
      eprint         = "1704.05473",
      archivePrefix  = "arXiv",
      primaryClass   = "hep-ex",
      reportNumber   = "IPPP-17-31",
      SLACcitation   = "%%CITATION = ARXIV:1704.05473;%%"
}

@article{Buckley:2010ar,
      author         = "Buckley, Andy and Butterworth, Jonathan and Lonnblad,
                        Leif and Grellscheid, David and Hoeth, Hendrik and Monk,
                        James and Schulz, Holger and Siegert, Frank",
      title          = "{Rivet user manual}",
      journal        = "Comput. Phys. Commun.",
      volume         = "184",
      year           = "2013",
      pages          = "2803-2819",
      doi            = "10.1016/j.cpc.2013.05.021",
      eprint         = "1003.0694",
      archivePrefix  = "arXiv",
      primaryClass   = "hep-ph",
      reportNumber   = "MCNET-10-03",
      SLACcitation   = "%%CITATION = ARXIV:1003.0694;%%"
}
@techreport{omni:plan,
      author        = "{The Omni Group}",
      title         = "{OmniPlan}",
      number        = "Omniplan Project Management Software",
      reportNumber  = "",
      url           = "https://www.omnigroup.com/omniplan/",
      note          = "\href{https://www.omnigroup.com/omniplan/}{https://www.omnigroup.com/omniplan/}"
      }